date,time,sym,price,size
2018-07-01,09:30:00.120,GBPPLN,93.12027,99600
2018-07-01,09:30:00.278,USDGBP,1.243779,83500
2018-07-01,09:30:00.516,USDEUR,58.24376,19100
2018-07-01,09:30:00.656,GBPPLN,10.09474,9300
2018-07-01,09:30:00.796,USDEUR,43.74412,28500
2018-07-01,09:30:00.966,GBPPLN,43.88911,42900
2018-07-01,09:30:15.086,EURPLN,81.73927,46100
2018-07-01,09:30:15.119,USDPLN,86.27263,20900
2018-07-01,09:30:15.826,USDPLN,75.42797,73900
2018-07-01,09:30:30.330,USDEUR,33.90899,82400
2018-07-01,09:30:30.495,GBPPLN,14.62082,26400
2018-07-01,09:30:30.642,USDPLN,67.1249,26000
2018-07-01,09:30:30.854,USDEUR,12.62442,98700
2018-07-01,09:30:45.287,GBPPLN,18.46262,13300
2018-07-01,09:30:45.760,USDPLN,33.6234,23200
2018-07-01,09:30:45.899,USDGBP,89.96024,63600
2018-07-01,09:30:45.944,USDEUR,3.42198,2200
2018-07-01,09:31:00.035,EURPLN,41.72513,41400
2018-07-01,09:31:00.301,EURPLN,19.22468,86600
2018-07-01,09:31:00.329,USDGBP,70.78997,68100
2018-07-01,09:31:00.446,GBPPLN,48.06836,6800
2018-07-01,09:31:00.447,USDPLN,36.40804,34800
2018-07-01,09:31:00.480,USDGBP,9.269127,73000
2018-07-01,09:31:00.618,USDEUR,17.98408,46100
2018-07-01,09:31:15.013,USDPLN,41.08804,64200
2018-07-01,09:31:15.457,USDGBP,33.25115,62200
2018-07-01,09:31:15.666,USDPLN,36.03544,3400
2018-07-01,09:31:30.302,USDPLN,93.18693,21200
2018-07-01,09:31:30.514,USDGBP,60.99342,15700
2018-07-01,09:31:30.529,EURPLN,14.71192,45200
2018-07-01,09:31:30.962,USDPLN,67.57546,2500
2018-07-01,09:31:45.112,GBPPLN,61.10892,80100
2018-07-01,09:31:45.416,GBPPLN,41.98156,100
2018-07-01,09:31:45.727,GBPPLN,67.11732,35600
2018-07-01,09:31:45.749,USDEUR,69.53115,67200
2018-07-01,09:32:00.384,USDPLN,21.7719,1700
2018-07-01,09:32:15.011,EURPLN,90.36674,94000
2018-07-01,09:32:15.075,USDPLN,66.23288,65400
2018-07-01,09:32:15.407,USDPLN,17.76149,79500
2018-07-01,09:32:15.526,USDEUR,39.35406,96900
2018-07-01,09:32:15.579,USDPLN,52.74115,22100
2018-07-01,09:32:15.819,EURPLN,3.121171,20500
2018-07-01,09:32:30.205,USDEUR,42.0162,41100
2018-07-01,09:32:30.299,USDEUR,87.39656,1300
2018-07-01,09:32:30.773,GBPPLN,37.32508,7100
2018-07-01,09:32:45.074,USDPLN,39.72646,3800
2018-07-01,09:32:45.514,USDPLN,65.67262,81200
2018-07-01,09:32:45.935,USDEUR,6.309148,80200
2018-07-01,09:33:00.075,USDEUR,23.54031,25100
2018-07-01,09:33:00.228,EURPLN,27.35325,9800
2018-07-01,09:33:00.396,GBPPLN,88.51717,88300
2018-07-01,09:33:00.725,USDGBP,36.94803,92900
2018-07-01,09:33:00.849,USDEUR,99.547,80800
2018-07-01,09:33:00.868,USDGBP,23.97051,67400
2018-07-01,09:33:15.119,GBPPLN,25.42303,34700
2018-07-01,09:33:15.505,GBPPLN,19.77485,39700
2018-07-01,09:33:15.727,GBPPLN,11.81164,87800
2018-07-01,09:33:30.176,GBPPLN,26.98915,38500
2018-07-01,09:33:30.241,EURPLN,46.92818,99000
2018-07-01,09:33:30.442,USDGBP,56.93177,27000
2018-07-01,09:33:45.051,GBPPLN,25.61015,98000
2018-07-01,09:33:45.410,USDPLN,85.47853,69400
2018-07-01,09:33:45.583,GBPPLN,78.01546,20600
2018-07-01,09:33:45.843,EURPLN,64.25103,32500
2018-07-01,09:34:00.134,GBPPLN,10.39013,14800
2018-07-01,09:34:00.162,GBPPLN,49.74742,50100
2018-07-01,09:34:00.418,USDEUR,95.51424,74900
2018-07-01,09:34:00.610,USDPLN,47.84196,30600
2018-07-01,09:34:00.689,USDEUR,45.72453,31400
2018-07-01,09:34:00.983,USDEUR,21.52682,33300
2018-07-01,09:34:15.763,USDGBP,39.90292,8800
2018-07-01,09:34:15.822,EURPLN,88.83495,6300
2018-07-01,09:34:15.993,USDPLN,9.597096,8300
2018-07-01,09:34:30.367,GBPPLN,60.03241,1000
2018-07-01,09:34:30.608,GBPPLN,48.66123,24600
2018-07-01,09:34:45.211,USDGBP,54.70284,38500
2018-07-01,09:34:45.245,GBPPLN,32.71044,26100
2018-07-01,09:34:45.310,USDPLN,22.11902,50600
2018-07-01,09:34:45.424,USDGBP,84.34194,13000
2018-07-01,09:34:45.563,USDEUR,62.18651,35000
2018-07-01,09:35:00.212,USDEUR,92.56033,31700
2018-07-01,09:35:00.323,GBPPLN,74.77915,68600
2018-07-01,09:35:00.503,GBPPLN,64.77473,22900
2018-07-01,09:35:00.565,EURPLN,68.19431,12400
2018-07-01,09:35:00.589,GBPPLN,38.59713,5400
2018-07-01,09:35:00.937,USDEUR,85.25185,78500
2018-07-01,09:35:15.046,USDPLN,19.49778,53700
2018-07-01,09:35:15.091,EURPLN,97.14499,26400
2018-07-01,09:35:15.299,USDGBP,80.30366,89800
2018-07-01,09:35:15.301,USDGBP,73.39862,94700
2018-07-01,09:35:15.362,USDGBP,41.74278,21700
2018-07-01,09:35:15.612,USDEUR,64.50867,2500
2018-07-01,09:35:15.722,GBPPLN,15.91703,19500
2018-07-01,09:35:15.813,USDGBP,88.12264,73100
2018-07-01,09:35:15.852,EURPLN,95.92167,45000
2018-07-01,09:35:30.016,USDGBP,85.84715,99800
2018-07-01,09:35:30.337,EURPLN,5.838612,66800
2018-07-01,09:35:30.403,GBPPLN,66.67926,58800
2018-07-01,09:35:30.467,USDGBP,38.43848,15100
2018-07-01,09:35:30.567,EURPLN,96.19003,0
2018-07-01,09:35:30.608,EURPLN,5.217503,43500
2018-07-01,09:35:30.882,USDEUR,96.48557,80600
2018-07-01,09:35:30.991,USDPLN,13.99064,89500
2018-07-01,09:35:45.194,EURPLN,93.14512,8400
2018-07-01,09:35:45.232,USDPLN,59.18936,58200
2018-07-01,09:35:45.718,USDGBP,98.78471,39500
2018-07-01,09:35:45.854,EURPLN,42.84361,2900
2018-07-01,09:36:00.209,EURPLN,51.4503,67200
2018-07-01,09:36:00.219,USDGBP,10.32166,38800
2018-07-01,09:36:00.460,GBPPLN,64.21034,89300
2018-07-01,09:36:00.489,USDPLN,78.05337,71300
2018-07-01,09:36:00.599,USDEUR,82.73423,81600
2018-07-01,09:36:00.823,USDGBP,4.958062,60300
2018-07-01,09:36:00.864,USDPLN,77.1385,8400
2018-07-01,09:36:15.010,USDPLN,6.675352,93700
2018-07-01,09:36:15.339,USDGBP,5.267307,48200
2018-07-01,09:36:15.452,USDGBP,9.336682,47400
2018-07-01,09:36:15.457,EURPLN,98.14632,25700
2018-07-01,09:36:15.503,USDGBP,61.679,38600
2018-07-01,09:36:15.547,EURPLN,69.86079,75600
2018-07-01,09:36:15.912,USDEUR,34.25562,93800
2018-07-01,09:36:15.971,USDPLN,23.11444,9800
2018-07-01,09:36:30.129,USDEUR,33.77041,7100
2018-07-01,09:36:30.242,USDEUR,92.61224,94200
2018-07-01,09:36:30.365,USDPLN,6.776153,90200
2018-07-01,09:36:30.384,EURPLN,96.03144,75100
2018-07-01,09:36:30.461,USDEUR,54.93018,35900
2018-07-01,09:36:30.519,USDPLN,12.0841,53500
2018-07-01,09:36:30.834,USDEUR,93.71253,65100
2018-07-01,09:36:45.196,USDGBP,59.12114,45200
2018-07-01,09:36:45.530,USDPLN,87.01238,42100
2018-07-01,09:37:00.072,USDGBP,45.45444,44400
2018-07-01,09:37:00.420,USDGBP,32.91788,64200
2018-07-01,09:37:00.816,USDEUR,87.00816,29800
2018-07-01,09:37:00.871,GBPPLN,44.08376,73200
2018-07-01,09:37:00.996,GBPPLN,32.05795,45200
2018-07-01,09:37:15.724,USDEUR,85.27972,94900
2018-07-01,09:37:15.768,USDPLN,44.31664,19500
2018-07-01,09:37:30.498,USDEUR,31.52795,17900
2018-07-01,09:37:30.904,USDGBP,45.03008,27800
2018-07-01,09:37:45.162,USDGBP,98.16297,43000
2018-07-01,09:37:45.261,USDGBP,38.31319,70300
2018-07-01,09:37:45.611,EURPLN,84.87743,76300
2018-07-01,09:38:00.325,USDPLN,65.09208,80000
2018-07-01,09:38:00.459,USDGBP,67.80701,93100
2018-07-01,09:38:00.496,EURPLN,29.95997,12000
2018-07-01,09:38:00.805,USDEUR,72.66995,34900
2018-07-01,09:38:15.027,USDGBP,28.06706,25000
2018-07-01,09:38:15.408,EURPLN,4.180235,40000
2018-07-01,09:38:15.428,USDEUR,82.47865,45400
2018-07-01,09:38:15.679,USDGBP,30.31832,31200
2018-07-01,09:38:30.276,USDGBP,5.22382,55100
2018-07-01,09:38:30.430,USDGBP,95.53909,77400
2018-07-01,09:38:30.463,EURPLN,38.09777,37200
2018-07-01,09:38:30.567,USDEUR,10.92586,89700
2018-07-01,09:38:30.606,EURPLN,58.37515,7300
2018-07-01,09:38:30.998,GBPPLN,14.59251,63900
2018-07-01,09:38:45.050,USDPLN,94.12745,41500
2018-07-01,09:38:45.119,USDGBP,95.48567,18300
2018-07-01,09:38:45.210,GBPPLN,60.96267,61100
2018-07-01,09:38:45.456,EURPLN,84.43848,76700
2018-07-01,09:38:45.706,USDGBP,66.0061,44500
2018-07-01,09:39:00.339,USDEUR,8.022066,87700
2018-07-01,09:39:00.470,EURPLN,95.01785,37400
2018-07-01,09:39:00.645,USDGBP,5.031498,41900
2018-07-01,09:39:15.032,USDEUR,1.929726,87900
2018-07-01,09:39:15.085,USDPLN,12.74531,12000
2018-07-01,09:39:15.457,EURPLN,64.56347,43200
2018-07-01,09:39:15.536,USDPLN,66.25846,24500
2018-07-01,09:39:15.600,USDGBP,61.16797,75900
2018-07-01,09:39:15.624,EURPLN,56.0384,55300
2018-07-01,09:39:30.281,USDGBP,20.22341,96200
2018-07-01,09:39:30.359,USDEUR,53.59291,31400
2018-07-01,09:39:30.481,EURPLN,69.02519,49900
2018-07-01,09:39:30.793,USDEUR,49.95695,44900
2018-07-01,09:39:30.869,USDEUR,58.0161,47800
2018-07-01,09:39:45.305,GBPPLN,91.2693,15700
2018-07-01,09:39:45.624,EURPLN,60.64793,2200
2018-07-01,09:39:45.832,USDPLN,43.91172,15600
2018-07-01,09:40:00.894,USDPLN,20.05334,88800
2018-07-01,09:40:15.367,GBPPLN,57.63742,63800
2018-07-01,09:40:15.787,USDPLN,15.85228,21000
2018-07-01,09:40:15.864,USDEUR,33.63292,93800
2018-07-01,09:40:15.879,GBPPLN,75.1581,70100
2018-07-01,09:40:15.911,EURPLN,22.79168,77500
2018-07-01,09:40:30.352,GBPPLN,70.51377,32900
2018-07-01,09:40:30.371,USDGBP,11.28081,98800
2018-07-01,09:40:30.376,USDGBP,15.59746,73400
2018-07-01,09:40:30.612,USDPLN,54.8813,95900
2018-07-01,09:40:30.684,USDPLN,57.49854,8100
2018-07-01,09:40:45.279,USDEUR,77.54722,90600
2018-07-01,09:40:45.328,USDEUR,10.59684,3300
2018-07-01,09:40:45.345,USDPLN,8.079904,62300
2018-07-01,09:40:45.490,GBPPLN,86.24106,81400
2018-07-01,09:40:45.699,EURPLN,71.10365,99500
2018-07-01,09:40:45.744,GBPPLN,92.27241,90800
2018-07-01,09:40:45.837,USDEUR,84.94157,33100
2018-07-01,09:40:45.842,USDPLN,51.93357,85100
2018-07-01,09:40:45.844,EURPLN,15.20578,60500
2018-07-01,09:41:00.591,USDEUR,10.46936,97500
2018-07-01,09:41:00.662,EURPLN,52.16722,95700
2018-07-01,09:41:15.136,USDEUR,37.78525,51800
2018-07-01,09:41:15.253,EURPLN,71.74089,74100
2018-07-01,09:41:15.302,GBPPLN,48.83855,91800
2018-07-01,09:41:15.509,USDGBP,16.06135,29900
2018-07-01,09:41:30.427,USDEUR,85.42223,62800
2018-07-01,09:41:30.912,USDEUR,9.077363,87900
2018-07-01,09:41:30.968,EURPLN,96.45701,59500
2018-07-01,09:41:45.219,USDPLN,58.94117,41400
2018-07-01,09:41:45.417,EURPLN,82.96815,54200
2018-07-01,09:41:45.514,GBPPLN,35.67159,87500
2018-07-01,09:41:45.606,USDEUR,47.3491,83800
2018-07-01,09:41:45.725,GBPPLN,76.32697,54200
2018-07-01,09:41:45.808,EURPLN,22.68818,58400
2018-07-01,09:41:45.898,USDPLN,42.0207,45600
2018-07-01,09:41:45.910,USDGBP,7.160885,48300
2018-07-01,09:42:00.083,GBPPLN,75.55112,14100
2018-07-01,09:42:00.120,USDPLN,57.65331,57600
2018-07-01,09:42:00.350,GBPPLN,79.26079,5400
2018-07-01,09:42:00.606,EURPLN,57.76676,86600
2018-07-01,09:42:00.617,USDEUR,48.94614,32100
2018-07-01,09:42:00.637,EURPLN,9.493297,73600
2018-07-01,09:42:15.159,EURPLN,75.15272,10000
2018-07-01,09:42:15.251,GBPPLN,87.71423,88000
2018-07-01,09:42:15.397,GBPPLN,89.47157,50600
2018-07-01,09:42:30.112,USDPLN,91.91273,28600
2018-07-01,09:42:30.167,USDPLN,41.73931,47900
2018-07-01,09:42:30.503,USDEUR,93.05602,87700
2018-07-01,09:42:30.661,EURPLN,45.31421,68300
2018-07-01,09:42:30.808,USDPLN,40.43253,1200
2018-07-01,09:42:30.911,USDGBP,43.33055,31300
2018-07-01,09:42:45.339,USDEUR,36.07704,40400
2018-07-01,09:42:45.474,GBPPLN,66.60119,38400
2018-07-01,09:42:45.485,GBPPLN,40.30468,4000
2018-07-01,09:42:45.819,USDPLN,72.49485,14600
2018-07-01,09:42:45.856,EURPLN,29.59026,94600
2018-07-01,09:43:00.432,USDEUR,39.50158,7600
2018-07-01,09:43:00.503,EURPLN,62.26979,42000
2018-07-01,09:43:00.532,EURPLN,10.4583,59100
2018-07-01,09:43:00.942,GBPPLN,21.86717,85400
2018-07-01,09:43:00.956,USDPLN,47.08143,53800
2018-07-01,09:43:15.637,USDPLN,66.88806,18100
2018-07-01,09:43:15.848,USDGBP,51.08375,300
2018-07-01,09:43:15.929,GBPPLN,98.98457,81500
2018-07-01,09:43:15.931,USDPLN,89.38708,21700
2018-07-01,09:43:30.016,USDPLN,50.64525,84100
2018-07-01,09:43:30.266,USDEUR,4.164024,24400
2018-07-01,09:43:30.331,GBPPLN,60.01849,37400
2018-07-01,09:43:30.407,USDGBP,20.79605,44600
2018-07-01,09:43:30.458,USDPLN,88.5268,23100
2018-07-01,09:43:30.798,USDGBP,70.76604,46700
2018-07-01,09:43:30.865,USDGBP,83.91115,49500
2018-07-01,09:43:45.045,USDGBP,5.354746,44700
2018-07-01,09:43:45.136,GBPPLN,40.9831,72000
2018-07-01,09:43:45.497,USDPLN,0.6967109,37800
2018-07-01,09:43:45.785,USDEUR,80.1412,30900
2018-07-01,09:43:45.789,USDEUR,87.20617,24700
2018-07-01,09:44:00.183,EURPLN,71.54375,13900
2018-07-01,09:44:00.502,USDPLN,74.18857,11300
2018-07-01,09:44:00.544,EURPLN,42.88047,47300
2018-07-01,09:44:00.600,EURPLN,87.78807,95000
2018-07-01,09:44:00.674,EURPLN,70.51858,8500
2018-07-01,09:44:00.685,USDGBP,79.47627,62800
2018-07-01,09:44:00.780,USDGBP,33.38445,16500
2018-07-01,09:44:15.018,GBPPLN,21.54671,48000
2018-07-01,09:44:15.204,USDPLN,14.31852,12900
2018-07-01,09:44:15.449,USDPLN,30.3525,93700
2018-07-01,09:44:15.636,USDPLN,23.12562,98400
2018-07-01,09:44:15.672,USDGBP,17.54041,85300
2018-07-01,09:44:15.684,EURPLN,76.63297,55900
2018-07-01,09:44:15.831,USDGBP,34.24453,89600
2018-07-01,09:44:30.054,GBPPLN,49.8809,32200
2018-07-01,09:44:30.114,USDPLN,90.20882,18100
2018-07-01,09:44:30.231,USDPLN,86.56347,99500
2018-07-01,09:44:30.272,USDEUR,62.55836,14900
2018-07-01,09:44:30.361,EURPLN,35.65926,91900
2018-07-01,09:44:30.691,USDPLN,87.61369,37700
2018-07-01,09:44:30.827,USDPLN,97.87619,30400
2018-07-01,09:44:30.944,USDEUR,41.238,68300
2018-07-01,09:44:30.965,EURPLN,52.41673,43200
2018-07-01,09:44:45.092,USDPLN,93.25021,25700
2018-07-01,09:44:45.387,USDPLN,23.2099,69000
2018-07-01,09:44:45.452,EURPLN,90.30108,95500
2018-07-01,09:44:45.571,USDGBP,65.86066,11600
2018-07-01,09:44:45.761,USDPLN,29.35083,29800
2018-07-01,09:45:00.148,USDGBP,87.52504,69600
2018-07-01,09:45:00.156,USDGBP,12.58283,36200
2018-07-01,09:45:00.310,USDGBP,47.16242,2800
2018-07-01,09:45:00.390,GBPPLN,6.274835,58400
2018-07-01,09:45:00.482,EURPLN,52.75068,26200
2018-07-01,09:45:00.490,USDEUR,8.446362,33400
2018-07-01,09:45:00.519,EURPLN,10.66707,96400
2018-07-01,09:45:00.916,USDGBP,95.97638,45400
2018-07-01,09:45:15.002,EURPLN,62.39712,51100
2018-07-01,09:45:15.133,EURPLN,6.820796,71300
2018-07-01,09:45:15.377,USDGBP,50.43038,63300
2018-07-01,09:45:15.579,USDPLN,49.37905,79100
2018-07-01,09:45:15.678,GBPPLN,7.653304,99400
2018-07-01,09:45:30.016,USDEUR,99.80669,84700
2018-07-01,09:45:30.459,USDPLN,43.81425,35600
2018-07-01,09:45:30.860,USDPLN,42.83827,88600
2018-07-01,09:45:30.898,EURPLN,27.80001,11700
2018-07-01,09:45:30.970,EURPLN,31.89468,2500
2018-07-01,09:45:45.031,GBPPLN,89.87961,64400
2018-07-01,09:45:45.041,EURPLN,67.66741,76000
2018-07-01,09:45:45.273,EURPLN,43.31861,65100
2018-07-01,09:45:45.697,EURPLN,71.25147,32500
2018-07-01,09:45:45.875,USDPLN,55.68116,13900
2018-07-01,09:46:00.147,USDGBP,97.87545,53000
2018-07-01,09:46:00.300,EURPLN,26.37523,32700
2018-07-01,09:46:00.557,USDEUR,40.73885,63500
2018-07-01,09:46:00.981,USDGBP,38.12515,89300
2018-07-01,09:46:15.306,USDGBP,64.08817,72300
2018-07-01,09:46:15.433,USDGBP,35.95681,52200
2018-07-01,09:46:15.786,USDPLN,45.32534,56900
2018-07-01,09:46:15.860,EURPLN,49.27526,76100
2018-07-01,09:46:30.036,EURPLN,10.77601,76400
2018-07-01,09:46:45.144,EURPLN,99.23161,22300
2018-07-01,09:46:45.224,USDPLN,74.58698,38800
2018-07-01,09:46:45.492,USDGBP,11.0707,48800
2018-07-01,09:46:45.654,GBPPLN,16.15329,41600
2018-07-01,09:46:45.690,GBPPLN,92.61684,85000
2018-07-01,09:46:45.732,USDEUR,80.72385,85300
2018-07-01,09:46:45.857,USDPLN,75.66033,57000
2018-07-01,09:47:00.054,USDEUR,22.92042,40300
2018-07-01,09:47:00.110,USDGBP,62.95561,63800
2018-07-01,09:47:00.193,EURPLN,75.44131,7000
2018-07-01,09:47:00.286,USDPLN,12.03826,39700
2018-07-01,09:47:00.953,EURPLN,39.88911,87400
2018-07-01,09:47:15.015,GBPPLN,0.6567811,17500
2018-07-01,09:47:15.042,GBPPLN,9.123012,94500
2018-07-01,09:47:15.318,EURPLN,83.29944,36900
2018-07-01,09:47:15.656,USDEUR,44.73952,25700
2018-07-01,09:47:15.670,USDPLN,40.78664,60700
2018-07-01,09:47:15.993,GBPPLN,68.37772,49200
2018-07-01,09:47:30.058,USDPLN,20.52272,53500
2018-07-01,09:47:30.147,EURPLN,81.95186,38400
2018-07-01,09:47:30.303,USDEUR,64.90353,83500
2018-07-01,09:47:30.537,USDGBP,65.03654,54400
2018-07-01,09:47:30.784,GBPPLN,15.97563,16600
2018-07-01,09:47:30.890,EURPLN,53.53772,25100
2018-07-01,09:47:30.926,USDGBP,0.131843,85900
2018-07-01,09:47:45.254,USDPLN,1.328132,66300
2018-07-01,09:47:45.311,USDGBP,92.62331,54000
2018-07-01,09:47:45.327,USDPLN,25.40076,16300
2018-07-01,09:47:45.777,USDEUR,60.7086,46600
2018-07-01,09:48:00.116,EURPLN,87.29906,91300
2018-07-01,09:48:00.352,GBPPLN,89.44826,62500
2018-07-01,09:48:00.927,USDEUR,24.13199,88600
2018-07-01,09:48:00.939,GBPPLN,77.00813,51200
2018-07-01,09:48:15.411,EURPLN,67.93468,76100
2018-07-01,09:48:15.478,GBPPLN,91.04204,29900
2018-07-01,09:48:15.820,GBPPLN,54.81941,12900
2018-07-01,09:48:15.877,USDEUR,44.24211,19400
2018-07-01,09:48:30.001,EURPLN,48.75961,97900
2018-07-01,09:48:30.013,GBPPLN,91.29443,29400
2018-07-01,09:48:30.139,USDGBP,7.062297,41500
2018-07-01,09:48:30.235,USDGBP,62.30185,74200
2018-07-01,09:48:30.436,USDPLN,57.38847,48200
2018-07-01,09:48:30.705,EURPLN,96.52872,80300
2018-07-01,09:48:45.072,USDEUR,54.2842,82600
2018-07-01,09:48:45.175,USDPLN,48.54579,76500
2018-07-01,09:48:45.178,USDPLN,29.43458,43400
2018-07-01,09:48:45.340,USDGBP,17.66548,38100
2018-07-01,09:48:45.762,USDPLN,58.63636,8300
2018-07-01,09:48:45.887,USDEUR,66.47295,64100
2018-07-01,09:49:00.471,EURPLN,44.97938,84800
2018-07-01,09:49:00.506,USDGBP,24.29163,29100
2018-07-01,09:49:15.182,USDGBP,42.68377,56300
2018-07-01,09:49:15.630,USDGBP,66.15555,77800
2018-07-01,09:49:15.874,USDEUR,14.27672,40100
2018-07-01,09:49:30.178,EURPLN,17.18151,30200
2018-07-01,09:49:30.269,GBPPLN,88.12996,5300
2018-07-01,09:49:30.294,GBPPLN,83.11277,75300
2018-07-01,09:49:30.416,USDPLN,44.82047,72900
2018-07-01,09:49:30.738,EURPLN,82.11975,37300
2018-07-01,09:49:30.955,GBPPLN,42.66587,37900
2018-07-01,09:49:45.087,USDPLN,44.79345,39800
2018-07-01,09:49:45.197,GBPPLN,6.885404,61400
2018-07-01,09:49:45.353,USDPLN,71.52187,8000
2018-07-01,09:49:45.435,EURPLN,22.63308,20100
2018-07-01,09:50:00.056,USDEUR,39.11053,36800
2018-07-01,09:50:00.123,USDGBP,93.3273,87200
2018-07-01,09:50:00.192,EURPLN,86.06023,86200
2018-07-01,09:50:00.344,EURPLN,36.46288,9400
2018-07-01,09:50:00.915,EURPLN,86.60104,24900
2018-07-01,09:50:15.240,EURPLN,62.65712,87100
2018-07-01,09:50:15.294,USDGBP,30.40524,16300
2018-07-01,09:50:15.486,USDGBP,24.50406,75300
2018-07-01,09:50:30.178,GBPPLN,53.74298,45500
2018-07-01,09:50:30.576,USDGBP,86.79292,19000
2018-07-01,09:50:30.826,USDGBP,59.1349,2700
2018-07-01,09:50:30.986,USDGBP,38.56372,14100
2018-07-01,09:50:45.058,USDPLN,27.12686,95100
2018-07-01,09:50:45.252,EURPLN,56.00233,49600
2018-07-01,09:50:45.260,EURPLN,38.86544,42300
2018-07-01,09:50:45.640,GBPPLN,93.93595,3900
2018-07-01,09:50:45.775,USDGBP,40.57148,64500
2018-07-01,09:51:00.188,EURPLN,34.2213,60200
2018-07-01,09:51:00.253,USDPLN,30.47277,49400
2018-07-01,09:51:00.549,EURPLN,40.61207,21100
2018-07-01,09:51:00.652,USDEUR,4.56218,2400
2018-07-01,09:51:00.658,USDGBP,81.82787,38700
2018-07-01,09:51:00.898,GBPPLN,82.92075,86900
2018-07-01,09:51:15.064,EURPLN,84.61916,65900
2018-07-01,09:51:15.106,EURPLN,22.11615,28700
2018-07-01,09:51:15.236,EURPLN,7.096642,2400
2018-07-01,09:51:15.274,USDGBP,50.10547,34900
2018-07-01,09:51:15.344,USDEUR,50.34961,37400
2018-07-01,09:51:15.504,EURPLN,46.65954,28100
2018-07-01,09:51:15.562,GBPPLN,98.69827,29300
2018-07-01,09:51:15.627,USDEUR,65.21473,57400
2018-07-01,09:51:15.795,GBPPLN,95.89677,67000
2018-07-01,09:51:15.873,GBPPLN,49.90419,90800
2018-07-01,09:51:30.039,USDEUR,52.42233,95300
2018-07-01,09:51:30.133,GBPPLN,85.55468,96300
2018-07-01,09:51:30.246,GBPPLN,61.08672,30500
2018-07-01,09:51:30.738,EURPLN,67.16672,27700
2018-07-01,09:51:30.904,GBPPLN,11.79922,85800
2018-07-01,09:51:45.428,USDEUR,9.974063,30600
2018-07-01,09:51:45.916,GBPPLN,7.260131,85200
2018-07-01,09:52:00.236,GBPPLN,80.28797,77300
2018-07-01,09:52:00.243,USDPLN,71.16428,31100
2018-07-01,09:52:00.323,EURPLN,95.67056,40000
2018-07-01,09:52:00.431,USDGBP,54.01204,64700
2018-07-01,09:52:00.454,USDGBP,80.18826,16700
2018-07-01,09:52:00.506,EURPLN,87.9889,70400
2018-07-01,09:52:00.661,GBPPLN,1.333804,83200
2018-07-01,09:52:15.082,GBPPLN,75.80222,4100
2018-07-01,09:52:15.177,USDGBP,62.21858,71600
2018-07-01,09:52:30.010,EURPLN,41.64907,29100
2018-07-01,09:52:30.089,GBPPLN,88.07349,59600
2018-07-01,09:52:30.737,USDPLN,70.68342,1700
2018-07-01,09:52:45.287,EURPLN,29.75202,23000
2018-07-01,09:52:45.743,USDPLN,36.21914,84800
2018-07-01,09:52:45.790,USDPLN,62.56543,56300
2018-07-01,09:52:45.798,USDEUR,34.99236,3600
2018-07-01,09:53:00.111,USDPLN,28.94917,35500
2018-07-01,09:53:00.343,EURPLN,97.76463,71300
2018-07-01,09:53:00.432,GBPPLN,1.608531,66400
2018-07-01,09:53:00.643,GBPPLN,25.67687,71900
2018-07-01,09:53:00.663,USDGBP,18.20207,30000
2018-07-01,09:53:00.690,USDPLN,54.22335,54400
2018-07-01,09:53:00.940,USDPLN,51.76733,16800
2018-07-01,09:53:15.225,GBPPLN,81.17978,99800
2018-07-01,09:53:15.367,GBPPLN,12.90285,26800
2018-07-01,09:53:15.630,EURPLN,7.63053,74400
2018-07-01,09:53:15.691,USDEUR,3.425708,55200
2018-07-01,09:53:15.698,USDEUR,28.59477,6400
2018-07-01,09:53:15.735,USDEUR,76.10913,74700
2018-07-01,09:53:30.334,USDGBP,95.31152,13000
2018-07-01,09:53:30.640,USDPLN,16.31801,43700
2018-07-01,09:53:30.745,USDGBP,29.72515,2400
2018-07-01,09:53:30.774,GBPPLN,6.374755,37900
2018-07-01,09:53:30.850,USDPLN,89.62975,45000
2018-07-01,09:53:30.928,USDPLN,71.37053,44000
2018-07-01,09:53:30.978,USDEUR,41.33176,65200
2018-07-01,09:53:45.020,USDGBP,10.88636,34300
2018-07-01,09:53:45.104,USDPLN,24.4463,99600
2018-07-01,09:53:45.322,GBPPLN,32.03108,79500
2018-07-01,09:53:45.510,USDEUR,82.95523,46200
2018-07-01,09:53:45.751,USDEUR,37.22477,59200
2018-07-01,09:53:45.961,GBPPLN,38.12121,17800
2018-07-01,09:54:00.034,USDPLN,33.59516,16700
2018-07-01,09:54:00.145,EURPLN,55.98608,56600
2018-07-01,09:54:00.194,GBPPLN,78.23533,46500
2018-07-01,09:54:00.195,USDPLN,70.13636,36300
2018-07-01,09:54:00.470,USDGBP,53.80628,16600
2018-07-01,09:54:00.797,USDEUR,82.46367,96300
2018-07-01,09:54:00.889,USDGBP,52.48887,86300
2018-07-01,09:54:15.050,USDPLN,62.15705,81800
2018-07-01,09:54:15.225,USDEUR,84.71379,37500
2018-07-01,09:54:15.909,USDPLN,22.92361,68400
2018-07-01,09:54:30.848,USDGBP,38.40056,24400
2018-07-01,09:54:30.910,GBPPLN,79.46387,29100
2018-07-01,09:54:30.910,USDGBP,34.42014,98100
2018-07-01,09:54:45.109,USDPLN,24.75884,24200
2018-07-01,09:54:45.195,USDGBP,80.64146,53600
2018-07-01,09:54:45.203,USDGBP,49.78685,41500
2018-07-01,09:54:45.407,GBPPLN,40.85904,73500
2018-07-01,09:54:45.460,EURPLN,34.31203,19100
2018-07-01,09:54:45.970,USDGBP,72.64897,60400
2018-07-02,09:30:00.106,USDEUR,19.17859,3000
2018-07-02,09:30:00.188,EURPLN,52.4485,86300
2018-07-02,09:30:15.340,USDGBP,68.09496,78600
2018-07-02,09:30:15.504,GBPPLN,3.609859,67700
2018-07-02,09:30:15.802,EURPLN,85.48608,72800
2018-07-02,09:30:15.900,USDGBP,49.76958,29800
2018-07-02,09:30:30.243,USDEUR,49.27781,4700
2018-07-02,09:30:30.349,USDPLN,50.68874,53400
2018-07-02,09:30:30.378,EURPLN,60.56522,61900
2018-07-02,09:30:30.856,USDPLN,19.97882,55900
2018-07-02,09:30:30.878,USDEUR,14.58041,34200
2018-07-02,09:30:30.936,USDPLN,5.775856,78300
2018-07-02,09:30:45.139,GBPPLN,42.31157,50900
2018-07-02,09:30:45.204,GBPPLN,38.22314,87200
2018-07-02,09:30:45.394,USDGBP,45.73646,70400
2018-07-02,09:30:45.456,USDPLN,51.99894,45900
2018-07-02,09:30:45.709,EURPLN,25.82774,89100
2018-07-02,09:30:45.744,GBPPLN,39.15805,40500
2018-07-02,09:30:45.830,USDEUR,13.84708,700
2018-07-02,09:30:45.951,EURPLN,88.37991,61600
2018-07-02,09:31:00.192,EURPLN,86.91491,24100
2018-07-02,09:31:00.291,GBPPLN,12.95748,8500
2018-07-02,09:31:00.379,USDEUR,45.99879,33000
2018-07-02,09:31:00.459,EURPLN,89.13361,4800
2018-07-02,09:31:00.483,GBPPLN,80.96323,34700
2018-07-02,09:31:15.016,USDEUR,12.13307,49300
2018-07-02,09:31:15.296,USDEUR,33.01777,67900
2018-07-02,09:31:15.300,USDGBP,15.83866,14800
2018-07-02,09:31:15.477,USDGBP,34.21476,29800
2018-07-02,09:31:15.513,USDEUR,70.43438,18900
2018-07-02,09:31:15.751,GBPPLN,96.58159,96700
2018-07-02,09:31:15.887,USDPLN,91.42939,68200
2018-07-02,09:31:15.922,USDEUR,69.60204,28400
2018-07-02,09:31:15.996,USDPLN,65.50847,13100
2018-07-02,09:31:30.231,USDGBP,19.07995,8000
2018-07-02,09:31:30.884,USDEUR,3.592051,3900
2018-07-02,09:31:30.921,EURPLN,20.68475,18800
2018-07-02,09:31:45.201,USDPLN,71.09391,54900
2018-07-02,09:31:45.238,USDGBP,86.08071,99800
2018-07-02,09:31:45.248,USDGBP,93.85385,42800
2018-07-02,09:31:45.913,GBPPLN,58.99747,29000
2018-07-02,09:31:45.917,GBPPLN,56.94864,50900
2018-07-02,09:32:00.415,USDEUR,82.10244,21500
2018-07-02,09:32:00.669,EURPLN,90.74055,7700
2018-07-02,09:32:00.678,USDEUR,99.13436,87600
2018-07-02,09:32:00.768,USDPLN,2.45533,23500
2018-07-02,09:32:15.096,USDEUR,95.45173,95300
2018-07-02,09:32:15.118,USDPLN,66.35938,500
2018-07-02,09:32:15.196,USDPLN,15.80769,65400
2018-07-02,09:32:15.217,USDGBP,50.69153,96800
2018-07-02,09:32:30.283,EURPLN,32.35833,78600
2018-07-02,09:32:30.285,GBPPLN,41.6042,14900
2018-07-02,09:32:30.351,USDEUR,45.56276,18500
2018-07-02,09:32:30.375,USDEUR,4.004832,90900
2018-07-02,09:32:30.742,USDEUR,97.81289,17800
2018-07-02,09:32:30.751,USDPLN,65.39075,4100
2018-07-02,09:32:45.272,USDEUR,66.25786,28200
2018-07-02,09:32:45.339,USDGBP,45.08699,49700
2018-07-02,09:32:45.946,USDPLN,35.05067,95900
2018-07-02,09:33:00.151,USDPLN,66.90993,17700
2018-07-02,09:33:00.537,USDEUR,5.827293,55200
2018-07-02,09:33:00.888,USDGBP,62.43235,21100
2018-07-02,09:33:15.202,USDEUR,9.747006,87900
2018-07-02,09:33:15.245,GBPPLN,79.11483,4500
2018-07-02,09:33:15.292,USDPLN,84.40148,87500
2018-07-02,09:33:15.329,USDPLN,43.98162,26100
2018-07-02,09:33:15.363,USDPLN,23.6018,34900
2018-07-02,09:33:15.657,USDEUR,85.25651,63000
2018-07-02,09:33:15.812,USDPLN,59.85407,67700
2018-07-02,09:33:30.015,EURPLN,40.37906,63600
2018-07-02,09:33:30.283,GBPPLN,1.712264,79300
2018-07-02,09:33:30.537,USDGBP,65.35872,15300
2018-07-02,09:33:30.648,EURPLN,77.50262,33500
2018-07-02,09:33:30.864,USDPLN,41.81608,8200
2018-07-02,09:33:30.905,GBPPLN,77.71861,84700
2018-07-02,09:33:45.014,USDPLN,54.65759,31800
2018-07-02,09:33:45.239,USDEUR,72.09992,12400
2018-07-02,09:33:45.385,EURPLN,73.71196,42600
2018-07-02,09:33:45.685,USDPLN,98.48139,23600
2018-07-02,09:33:45.966,GBPPLN,79.77447,5700
2018-07-02,09:34:00.146,EURPLN,63.75181,89300
2018-07-02,09:34:00.301,USDEUR,5.31925,38100
2018-07-02,09:34:00.351,EURPLN,5.187171,67500
2018-07-02,09:34:00.770,USDGBP,28.19163,95300
2018-07-02,09:34:00.810,USDEUR,98.02833,50000
2018-07-02,09:34:00.810,USDEUR,34.80783,31200
2018-07-02,09:34:00.919,USDPLN,90.83064,58600
2018-07-02,09:34:15.073,USDPLN,18.57279,24300
2018-07-02,09:34:15.158,EURPLN,99.6971,25600
2018-07-02,09:34:15.987,USDEUR,38.71136,12500
2018-07-02,09:34:30.097,EURPLN,79.75954,6500
2018-07-02,09:34:30.321,USDPLN,64.274,77100
2018-07-02,09:34:30.350,EURPLN,48.0707,53600
2018-07-02,09:34:30.759,GBPPLN,80.89816,89000
2018-07-02,09:34:30.919,GBPPLN,75.99293,31000
2018-07-02,09:34:45.036,GBPPLN,66.34785,36300
2018-07-02,09:34:45.098,GBPPLN,77.35654,99900
2018-07-02,09:34:45.332,EURPLN,57.15491,13000
2018-07-02,09:34:45.790,USDEUR,43.18647,31300
2018-07-02,09:34:45.979,EURPLN,15.61737,42000
2018-07-02,09:35:00.024,USDEUR,4.689784,27300
2018-07-02,09:35:00.056,EURPLN,71.8058,72000
2018-07-02,09:35:00.599,EURPLN,22.13008,66300
2018-07-02,09:35:00.700,GBPPLN,9.456829,30300
2018-07-02,09:35:00.787,USDEUR,0.3102599,30900
2018-07-02,09:35:15.588,EURPLN,97.67408,99100
2018-07-02,09:35:15.716,USDPLN,30.05265,11200
2018-07-02,09:35:15.840,USDEUR,71.08064,400
2018-07-02,09:35:15.851,EURPLN,84.77464,64900
2018-07-02,09:35:30.078,USDPLN,70.38844,45000
2018-07-02,09:35:30.363,USDEUR,10.87694,81100
2018-07-02,09:35:30.624,GBPPLN,5.241931,57900
2018-07-02,09:35:30.871,EURPLN,18.13437,99900
2018-07-02,09:35:45.267,EURPLN,22.11112,48600
2018-07-02,09:35:45.584,USDGBP,29.0143,92100
2018-07-02,09:35:45.636,USDEUR,5.26168,27300
2018-07-02,09:35:45.701,EURPLN,6.422348,41700
2018-07-02,09:35:45.794,USDEUR,52.28122,59600
2018-07-02,09:35:45.941,USDGBP,44.50911,72400
2018-07-02,09:35:45.973,USDEUR,70.79064,74900
2018-07-02,09:36:00.303,USDPLN,1.965279,24000
2018-07-02,09:36:00.418,USDPLN,29.49721,13100
2018-07-02,09:36:00.584,USDPLN,50.71249,7300
2018-07-02,09:36:00.839,USDPLN,38.29417,11300
2018-07-02,09:36:00.852,USDPLN,66.89093,43500
2018-07-02,09:36:00.884,EURPLN,45.2778,48800
2018-07-02,09:36:00.915,USDEUR,90.18526,76100
2018-07-02,09:36:15.232,USDPLN,67.01505,6000
2018-07-02,09:36:15.515,EURPLN,72.22621,45000
2018-07-02,09:36:30.369,EURPLN,44.29382,45300
2018-07-02,09:36:30.485,USDPLN,68.44382,94000
2018-07-02,09:36:30.569,USDGBP,64.1749,71200
2018-07-02,09:36:45.062,USDEUR,64.69733,46700
2018-07-02,09:36:45.133,USDPLN,25.53304,85500
2018-07-02,09:36:45.414,USDEUR,89.91271,22600
2018-07-02,09:36:45.839,USDGBP,60.40088,15800
2018-07-02,09:37:00.026,GBPPLN,44.30845,20700
2018-07-02,09:37:00.076,GBPPLN,36.12382,90800
2018-07-02,09:37:00.129,USDGBP,20.04743,39400
2018-07-02,09:37:00.703,EURPLN,25.4993,31300
2018-07-02,09:37:00.798,USDGBP,73.82085,58000
2018-07-02,09:37:00.817,GBPPLN,89.14694,83800
2018-07-02,09:37:15.098,USDPLN,5.369724,2000
2018-07-02,09:37:15.117,GBPPLN,21.33531,97000
2018-07-02,09:37:15.311,GBPPLN,0.7088975,49300
2018-07-02,09:37:15.467,USDPLN,78.60948,36900
2018-07-02,09:37:15.617,GBPPLN,59.13326,51500
2018-07-02,09:37:15.826,GBPPLN,23.47777,33200
2018-07-02,09:37:15.921,EURPLN,27.68313,15100
2018-07-02,09:37:30.034,USDPLN,44.73381,60000
2018-07-02,09:37:30.060,USDEUR,96.31882,12700
2018-07-02,09:37:30.123,USDEUR,61.74648,41900
2018-07-02,09:37:30.421,GBPPLN,56.459,82300
2018-07-02,09:37:30.681,USDGBP,54.46239,1300
2018-07-02,09:37:30.783,USDPLN,42.55222,20100
2018-07-02,09:37:30.871,GBPPLN,83.33694,17500
2018-07-02,09:37:30.941,USDPLN,38.19849,92800
2018-07-02,09:37:45.386,EURPLN,13.73616,92600
2018-07-02,09:37:45.430,EURPLN,58.80428,69900
2018-07-02,09:38:00.070,EURPLN,28.01805,5200
2018-07-02,09:38:00.639,USDGBP,28.60353,76100
2018-07-02,09:38:00.656,USDPLN,19.79894,3200
2018-07-02,09:38:00.664,USDPLN,23.11154,23400
2018-07-02,09:38:00.667,EURPLN,16.06226,99900
2018-07-02,09:38:00.919,USDGBP,29.10838,21600
2018-07-02,09:38:00.952,USDGBP,16.60049,12700
2018-07-02,09:38:15.328,GBPPLN,15.76768,20900
2018-07-02,09:38:15.530,USDGBP,46.18893,28300
2018-07-02,09:38:15.772,USDPLN,56.47939,98000
2018-07-02,09:38:30.507,USDGBP,29.39462,10300
2018-07-02,09:38:30.880,EURPLN,53.41191,71800
2018-07-02,09:38:45.199,USDEUR,18.75481,57000
2018-07-02,09:38:45.270,USDGBP,62.2306,15100
2018-07-02,09:38:45.448,USDPLN,42.24837,2100
2018-07-02,09:38:45.503,GBPPLN,70.42018,56700
2018-07-02,09:38:45.609,USDGBP,50.51966,85900
2018-07-02,09:38:45.994,GBPPLN,20.22568,20300
2018-07-02,09:39:00.172,USDEUR,7.41644,33800
2018-07-02,09:39:00.323,GBPPLN,3.656074,83900
2018-07-02,09:39:00.903,USDEUR,97.48987,43500
2018-07-02,09:39:00.929,EURPLN,8.830649,48000
2018-07-02,09:39:00.935,EURPLN,76.86665,93800
2018-07-02,09:39:00.977,USDPLN,34.01213,21600
2018-07-02,09:39:15.003,USDGBP,95.15354,33100
2018-07-02,09:39:15.363,EURPLN,88.36164,53500
2018-07-02,09:39:30.016,EURPLN,40.19836,15200
2018-07-02,09:39:30.207,EURPLN,66.30774,8400
2018-07-02,09:39:30.279,USDGBP,72.39699,27800
2018-07-02,09:39:45.095,GBPPLN,40.66877,78200
2018-07-02,09:39:45.162,USDEUR,95.81834,29800
2018-07-02,09:39:45.279,USDEUR,52.98124,56800
2018-07-02,09:39:45.451,EURPLN,15.57285,14100
2018-07-02,09:39:45.525,EURPLN,39.52357,17800
2018-07-02,09:39:45.543,USDPLN,15.36335,44400
2018-07-02,09:39:45.588,GBPPLN,53.66833,61000
2018-07-02,09:40:00.128,USDEUR,36.79495,68100
2018-07-02,09:40:00.183,USDEUR,82.7579,79300
2018-07-02,09:40:00.229,USDPLN,8.676292,18100
2018-07-02,09:40:00.319,EURPLN,30.50111,26100
2018-07-02,09:40:00.497,EURPLN,59.3942,54100
2018-07-02,09:40:00.699,EURPLN,52.4651,94600
2018-07-02,09:40:00.782,EURPLN,80.65961,21000
2018-07-02,09:40:00.915,USDPLN,51.4465,99500
2018-07-02,09:40:15.055,GBPPLN,57.27988,83300
2018-07-02,09:40:15.328,USDPLN,72.421,74200
2018-07-02,09:40:15.381,EURPLN,49.86166,59400
2018-07-02,09:40:15.912,USDEUR,82.21101,84200
2018-07-02,09:40:30.460,USDGBP,36.02243,55400
2018-07-02,09:40:30.602,USDPLN,65.19471,41900
2018-07-02,09:40:30.609,GBPPLN,11.01868,46600
2018-07-02,09:40:30.859,USDEUR,7.902124,38800
2018-07-02,09:40:30.903,USDPLN,32.03474,10800
2018-07-02,09:40:30.921,USDEUR,45.02608,79200
2018-07-02,09:40:45.022,EURPLN,38.7609,15300
2018-07-02,09:40:45.175,USDGBP,62.17904,89400
2018-07-02,09:40:45.864,USDGBP,31.80757,63300
2018-07-02,09:41:00.078,USDGBP,14.68448,200
2018-07-02,09:41:00.257,USDGBP,10.85804,18900
2018-07-02,09:41:00.288,GBPPLN,18.91285,7700
2018-07-02,09:41:00.315,USDEUR,94.31157,26500
2018-07-02,09:41:15.470,USDEUR,99.20647,99300
2018-07-02,09:41:15.594,USDEUR,40.16652,26000
2018-07-02,09:41:15.702,EURPLN,41.18581,800
2018-07-02,09:41:15.774,EURPLN,34.04479,83000
2018-07-02,09:41:30.260,USDEUR,47.06322,99100
2018-07-02,09:41:30.376,USDGBP,85.93425,28500
2018-07-02,09:41:30.955,USDPLN,42.44291,46400
2018-07-02,09:41:30.979,GBPPLN,21.10484,88900
2018-07-02,09:41:45.250,USDPLN,94.22851,87100
2018-07-02,09:41:45.484,USDPLN,82.92806,9100
2018-07-02,09:41:45.510,USDEUR,71.59034,36200
2018-07-02,09:41:45.527,USDPLN,8.503612,10100
2018-07-02,09:41:45.938,EURPLN,20.47972,4300
2018-07-02,09:42:00.157,USDPLN,66.20644,78100
2018-07-02,09:42:00.242,EURPLN,40.76809,81700
2018-07-02,09:42:00.291,USDPLN,28.57883,20300
2018-07-02,09:42:00.409,USDEUR,78.99304,68800
2018-07-02,09:42:00.455,USDPLN,72.83685,3700
2018-07-02,09:42:00.794,USDPLN,50.38375,90100
2018-07-02,09:42:00.918,EURPLN,27.59075,87300
2018-07-02,09:42:15.076,GBPPLN,99.72754,98400
2018-07-02,09:42:15.110,USDPLN,23.58426,42900
2018-07-02,09:42:15.191,GBPPLN,43.16438,25900
2018-07-02,09:42:15.265,EURPLN,9.861428,58900
2018-07-02,09:42:15.610,EURPLN,79.11942,5500
2018-07-02,09:42:30.155,EURPLN,42.15831,36900
2018-07-02,09:42:30.284,GBPPLN,43.65781,91400
2018-07-02,09:42:45.410,USDEUR,23.33235,24100
2018-07-02,09:42:45.638,EURPLN,82.2431,21700
2018-07-02,09:42:45.697,USDPLN,2.152148,28400
2018-07-02,09:42:45.842,GBPPLN,61.22784,66900
2018-07-02,09:42:45.898,USDPLN,32.81476,4400
2018-07-02,09:42:45.958,GBPPLN,17.92735,3300
2018-07-02,09:43:00.176,USDGBP,1.431656,66600
2018-07-02,09:43:00.355,USDEUR,83.89968,95100
2018-07-02,09:43:00.725,USDEUR,44.59371,57700
2018-07-02,09:43:00.970,USDGBP,11.57706,32400
2018-07-02,09:43:15.025,GBPPLN,95.16545,98600
2018-07-02,09:43:15.399,EURPLN,96.9571,8500
2018-07-02,09:43:15.441,USDEUR,63.8822,23600
2018-07-02,09:43:15.860,GBPPLN,5.163411,66600
2018-07-02,09:43:30.312,GBPPLN,63.71695,17100
2018-07-02,09:43:45.118,USDPLN,90.72472,93300
2018-07-02,09:43:45.495,USDEUR,23.13953,73300
2018-07-02,09:43:45.554,USDPLN,63.9125,24300
2018-07-02,09:43:45.588,USDEUR,59.17389,67000
2018-07-02,09:43:45.707,USDEUR,74.97758,92800
2018-07-02,09:43:45.769,USDGBP,24.71499,52200
2018-07-02,09:44:00.069,USDGBP,13.0829,75500
2018-07-02,09:44:00.149,EURPLN,85.0014,56900
2018-07-02,09:44:00.251,USDGBP,73.0622,38500
2018-07-02,09:44:00.578,EURPLN,99.24827,56500
2018-07-02,09:44:00.625,USDEUR,12.95145,14000
2018-07-02,09:44:00.848,USDEUR,21.28434,15700
2018-07-02,09:44:00.903,EURPLN,59.39434,95800
2018-07-02,09:44:15.045,GBPPLN,14.81285,60000
2018-07-02,09:44:15.326,USDPLN,69.63177,29700
2018-07-02,09:44:15.531,USDEUR,58.40871,28600
2018-07-02,09:44:15.907,USDGBP,66.50623,55300
2018-07-02,09:44:30.140,USDEUR,16.44501,21600
2018-07-02,09:44:30.339,USDPLN,79.67812,54200
2018-07-02,09:44:30.574,EURPLN,30.57327,21300
2018-07-02,09:44:30.608,USDGBP,13.45671,47400
2018-07-02,09:44:30.823,USDGBP,97.89779,54100
2018-07-02,09:44:45.042,GBPPLN,40.16828,96100
2018-07-02,09:44:45.330,GBPPLN,14.43894,66900
2018-07-02,09:44:45.716,USDEUR,9.83146,54700
2018-07-02,09:44:45.845,GBPPLN,4.956223,4800
2018-07-02,09:44:45.934,EURPLN,70.21125,58600
2018-07-02,09:45:00.291,USDGBP,34.27346,19000
2018-07-02,09:45:00.307,USDGBP,34.69526,47100
2018-07-02,09:45:00.578,GBPPLN,61.65224,32000
2018-07-02,09:45:00.579,USDPLN,73.79298,38200
2018-07-02,09:45:00.628,USDGBP,26.73498,63100
2018-07-02,09:45:00.715,USDPLN,17.98747,48900
2018-07-02,09:45:00.766,USDGBP,93.44732,96600
2018-07-02,09:45:15.305,USDGBP,14.66451,83100
2018-07-02,09:45:15.527,EURPLN,20.0953,66500
2018-07-02,09:45:30.321,USDGBP,46.54046,23600
2018-07-02,09:45:30.419,EURPLN,91.03465,10800
2018-07-02,09:45:30.497,USDPLN,33.08109,32000
2018-07-02,09:45:30.549,GBPPLN,14.75529,74900
2018-07-02,09:45:30.983,USDGBP,15.75579,72500
2018-07-02,09:45:45.431,USDPLN,90.6799,56400
2018-07-02,09:45:45.697,EURPLN,88.29525,83100
2018-07-02,09:45:45.870,USDGBP,39.0497,92100
2018-07-02,09:45:45.874,EURPLN,27.81408,29000
2018-07-02,09:45:45.915,GBPPLN,71.78723,79500
2018-07-02,09:45:45.987,USDPLN,61.07103,96900
2018-07-02,09:46:00.143,USDGBP,74.83654,73800
2018-07-02,09:46:00.700,EURPLN,5.095304,20500
2018-07-02,09:46:00.784,GBPPLN,82.27014,25400
2018-07-02,09:46:00.830,USDPLN,99.72481,27600
2018-07-02,09:46:00.892,USDPLN,21.80851,8100
2018-07-02,09:46:15.054,GBPPLN,19.93057,3500
2018-07-02,09:46:15.266,GBPPLN,81.71421,62300
2018-07-02,09:46:15.740,USDEUR,64.29125,98900
2018-07-02,09:46:15.784,USDPLN,75.74435,42000
2018-07-02,09:46:15.801,USDPLN,82.63558,74900
2018-07-02,09:46:15.845,USDGBP,9.283858,2600
2018-07-02,09:46:15.972,GBPPLN,5.968978,59200
2018-07-02,09:46:30.021,USDPLN,92.21306,28900
2018-07-02,09:46:30.280,GBPPLN,56.01665,1400
2018-07-02,09:46:30.559,USDGBP,94.89753,70700
2018-07-02,09:46:30.652,GBPPLN,55.91994,21800
2018-07-02,09:46:30.991,USDEUR,31.7365,36500
2018-07-02,09:46:45.306,EURPLN,24.18784,25100
2018-07-02,09:46:45.323,GBPPLN,69.90968,28000
2018-07-02,09:46:45.380,GBPPLN,18.37748,40900
2018-07-02,09:46:45.844,USDPLN,35.21229,12300
2018-07-02,09:46:45.926,USDGBP,82.36092,77400
2018-07-02,09:47:00.183,GBPPLN,3.812919,8200
2018-07-02,09:47:00.221,USDEUR,76.25443,53500
2018-07-02,09:47:00.242,USDGBP,99.82122,5400
2018-07-02,09:47:00.298,EURPLN,12.07586,43200
2018-07-02,09:47:00.550,USDGBP,1.323162,99900
2018-07-02,09:47:00.765,GBPPLN,80.05363,41700
2018-07-02,09:47:00.787,GBPPLN,25.37457,51000
2018-07-02,09:47:15.180,GBPPLN,87.4762,87200
2018-07-02,09:47:15.392,GBPPLN,53.19595,39800
2018-07-02,09:47:15.550,EURPLN,29.79589,53200
2018-07-02,09:47:15.800,USDPLN,99.2037,10700
2018-07-02,09:47:30.236,EURPLN,89.98547,56300
2018-07-02,09:47:30.608,GBPPLN,62.83701,75900
2018-07-02,09:47:30.645,USDGBP,60.20106,30100
2018-07-02,09:47:30.656,USDGBP,59.3628,23900
2018-07-02,09:47:30.677,USDPLN,6.159164,30400
2018-07-02,09:47:45.033,GBPPLN,78.36989,36000
2018-07-02,09:47:45.179,USDGBP,6.334159,12900
2018-07-02,09:47:45.355,USDEUR,10.35884,66600
2018-07-02,09:47:45.818,EURPLN,89.3461,18700
2018-07-02,09:48:00.277,EURPLN,32.19802,13800
2018-07-02,09:48:00.292,USDEUR,58.56801,14400
2018-07-02,09:48:00.703,EURPLN,62.28778,27900
2018-07-02,09:48:00.982,USDPLN,84.97919,14100
2018-07-02,09:48:15.599,USDPLN,49.55167,68200
2018-07-02,09:48:15.630,EURPLN,91.51466,33300
2018-07-02,09:48:15.650,USDGBP,32.41312,800
2018-07-02,09:48:15.702,USDEUR,33.42919,40700
2018-07-02,09:48:30.509,USDPLN,69.70987,7200
2018-07-02,09:48:30.713,USDGBP,75.50816,51000
2018-07-02,09:48:30.904,USDGBP,12.58098,46800
2018-07-02,09:48:30.989,USDEUR,99.56037,60500
2018-07-02,09:48:45.025,USDPLN,0.6577943,86300
2018-07-02,09:48:45.069,USDGBP,97.9235,27200
2018-07-02,09:48:45.479,GBPPLN,7.860573,99000
2018-07-02,09:48:45.889,USDGBP,34.39138,89000
2018-07-02,09:49:00.199,USDPLN,50.38968,19200
2018-07-02,09:49:00.718,USDPLN,3.731804,26800
2018-07-02,09:49:00.821,USDEUR,44.53289,4100
2018-07-02,09:49:00.919,USDGBP,32.20403,49000
2018-07-02,09:49:15.030,GBPPLN,60.74298,8200
2018-07-02,09:49:15.259,USDPLN,67.40881,72000
2018-07-02,09:49:15.489,USDGBP,87.53709,35800
2018-07-02,09:49:15.526,USDPLN,34.59721,10800
2018-07-02,09:49:15.540,USDEUR,11.8125,13000
2018-07-02,09:49:15.701,EURPLN,41.95079,81000
2018-07-02,09:49:15.924,GBPPLN,49.38829,36400
2018-07-02,09:49:15.931,USDEUR,54.93094,1600
2018-07-02,09:49:30.009,USDEUR,87.99352,21400
2018-07-02,09:49:30.707,USDGBP,40.00442,25800
2018-07-02,09:49:30.822,GBPPLN,28.73489,72300
2018-07-02,09:49:45.088,USDGBP,98.48428,37200
2018-07-02,09:49:45.177,USDGBP,17.07165,98200
2018-07-02,09:49:45.352,USDGBP,27.95749,84500
2018-07-02,09:49:45.454,GBPPLN,45.80394,90500
2018-07-02,09:49:45.580,USDGBP,48.14954,28600
2018-07-02,09:49:45.867,USDEUR,17.89901,36400
2018-07-02,09:50:00.206,GBPPLN,15.03275,300
2018-07-02,09:50:00.223,USDGBP,74.63876,47700
2018-07-02,09:50:00.644,USDGBP,38.17333,75200
2018-07-02,09:50:15.020,USDPLN,31.64077,21200
2018-07-02,09:50:15.240,USDPLN,16.39629,58800
2018-07-02,09:50:15.526,USDPLN,75.36002,45300
2018-07-02,09:50:15.553,GBPPLN,26.71576,34600
2018-07-02,09:50:30.101,USDPLN,27.60393,60200
2018-07-02,09:50:30.115,USDGBP,71.15479,32800
2018-07-02,09:50:30.568,EURPLN,45.72066,63200
2018-07-02,09:50:30.593,USDEUR,88.41105,71100
2018-07-02,09:50:30.877,GBPPLN,73.55621,34200
2018-07-02,09:50:45.204,USDGBP,72.32579,70700
2018-07-02,09:50:45.236,USDPLN,7.427737,15600
2018-07-02,09:50:45.392,GBPPLN,54.52608,61100
2018-07-02,09:50:45.959,EURPLN,11.20789,32500
2018-07-02,09:51:00.104,USDGBP,53.39344,86800
2018-07-02,09:51:00.225,USDEUR,8.104657,48600
2018-07-02,09:51:00.857,USDEUR,49.238,48800
2018-07-02,09:51:00.965,GBPPLN,17.93617,45900
2018-07-02,09:51:15.071,USDGBP,67.11749,84000
2018-07-02,09:51:15.665,USDGBP,94.98178,56500
2018-07-02,09:51:30.344,GBPPLN,98.73038,51200
2018-07-02,09:51:30.421,USDEUR,14.71434,50600
2018-07-02,09:51:30.600,USDGBP,58.53902,22100
2018-07-02,09:51:30.748,USDEUR,46.39564,38100
2018-07-02,09:51:45.085,USDEUR,38.43853,63900
2018-07-02,09:51:45.110,USDGBP,12.74909,27100
2018-07-02,09:51:45.218,EURPLN,25.57858,51700
2018-07-02,09:51:45.638,GBPPLN,33.10492,3800
2018-07-02,09:51:45.815,USDEUR,74.18098,42200
2018-07-02,09:51:45.861,USDGBP,60.00569,48200
2018-07-02,09:52:00.104,USDGBP,86.64024,67500
2018-07-02,09:52:00.424,EURPLN,22.07835,77800
2018-07-02,09:52:15.107,USDGBP,90.7393,21300
2018-07-02,09:52:15.168,GBPPLN,86.85894,43100
2018-07-02,09:52:15.448,USDEUR,22.01045,27200
2018-07-02,09:52:15.557,EURPLN,35.39959,52300
2018-07-02,09:52:15.957,USDGBP,31.32923,96600
2018-07-02,09:52:30.057,GBPPLN,56.10868,18900
2018-07-02,09:52:30.452,GBPPLN,70.83419,87100
2018-07-02,09:52:30.708,USDGBP,96.39048,88500
2018-07-02,09:52:30.806,USDEUR,81.47394,13600
2018-07-02,09:52:45.308,GBPPLN,90.30695,6300
2018-07-02,09:52:45.469,USDGBP,15.68602,43900
2018-07-02,09:52:45.598,USDGBP,98.99058,48100
2018-07-02,09:53:00.027,USDEUR,52.8326,1000
2018-07-02,09:53:00.446,USDGBP,84.1156,35600
2018-07-02,09:53:00.523,EURPLN,62.59774,48600
2018-07-02,09:53:00.639,USDPLN,7.291392,44100
2018-07-02,09:53:00.727,EURPLN,83.49747,54400
2018-07-02,09:53:00.728,GBPPLN,57.68941,88600
2018-07-02,09:53:15.137,USDGBP,2.111504,46400
2018-07-02,09:53:15.252,USDPLN,83.47078,64800
2018-07-02,09:53:15.330,USDEUR,2.496644,1300
2018-07-02,09:53:15.333,EURPLN,83.85474,52200
2018-07-02,09:53:15.425,USDEUR,48.52016,54700
2018-07-02,09:53:15.578,EURPLN,79.77512,97600
2018-07-02,09:53:15.744,USDEUR,58.42071,42900
2018-07-02,09:53:15.776,USDEUR,94.94654,2000
2018-07-02,09:53:15.932,EURPLN,52.03675,8400
2018-07-02,09:53:15.944,GBPPLN,52.02673,80300
2018-07-02,09:53:30.145,USDPLN,47.43469,40700
2018-07-02,09:53:30.148,GBPPLN,87.81041,37600
2018-07-02,09:53:30.414,USDPLN,61.35499,60000
2018-07-02,09:53:30.682,EURPLN,47.80487,43400
2018-07-02,09:53:45.261,USDGBP,8.271739,70300
2018-07-02,09:53:45.595,GBPPLN,52.27337,6100
2018-07-02,09:53:45.679,EURPLN,41.60781,5000
2018-07-02,09:53:45.818,GBPPLN,92.33344,71400
2018-07-02,09:53:45.879,GBPPLN,19.57186,95100
2018-07-02,09:53:45.900,USDGBP,34.22286,53900
2018-07-02,09:54:00.016,USDGBP,97.40108,99600
2018-07-02,09:54:00.066,GBPPLN,54.01881,81700
2018-07-02,09:54:00.123,EURPLN,83.07796,46200
2018-07-02,09:54:00.409,USDPLN,96.47797,46200
2018-07-02,09:54:00.447,EURPLN,71.27278,1300
2018-07-02,09:54:00.840,GBPPLN,88.2192,63500
2018-07-02,09:54:15.183,USDEUR,85.49597,76700
2018-07-02,09:54:15.463,EURPLN,48.51919,35600
2018-07-02,09:54:15.539,GBPPLN,3.998134,98700
2018-07-02,09:54:15.541,GBPPLN,56.60535,97600
2018-07-02,09:54:15.712,USDGBP,39.84286,3600
2018-07-02,09:54:15.783,USDGBP,8.426054,73400
2018-07-02,09:54:15.887,USDPLN,32.37785,2400
2018-07-02,09:54:30.479,EURPLN,46.9853,38900
2018-07-02,09:54:45.122,GBPPLN,78.07155,10000
2018-07-02,09:54:45.202,USDEUR,70.52326,95100
2018-07-02,09:54:45.249,USDEUR,8.418151,95300
2018-07-02,09:54:45.785,USDGBP,21.96259,5200
2018-07-02,09:54:45.792,EURPLN,89.78436,53900
2018-07-03,09:30:00.085,USDEUR,39.65371,71600
2018-07-03,09:30:00.198,USDPLN,43.2281,25600
2018-07-03,09:30:00.609,EURPLN,49.89464,34300
2018-07-03,09:30:00.637,USDPLN,95.40513,59500
2018-07-03,09:30:00.936,USDEUR,56.83658,18900
2018-07-03,09:30:15.058,GBPPLN,85.64355,86100
2018-07-03,09:30:15.291,USDEUR,30.53877,60500
2018-07-03,09:30:15.360,USDGBP,99.61521,17900
2018-07-03,09:30:15.451,EURPLN,17.29328,7100
2018-07-03,09:30:15.545,GBPPLN,0.9710702,19800
2018-07-03,09:30:15.670,USDPLN,97.34943,78700
2018-07-03,09:30:15.685,EURPLN,81.72297,60600
2018-07-03,09:30:15.775,GBPPLN,7.980969,4800
2018-07-03,09:30:15.946,EURPLN,82.96405,39400
2018-07-03,09:30:30.240,GBPPLN,30.71632,68600
2018-07-03,09:30:30.404,USDGBP,90.67551,97700
2018-07-03,09:30:30.415,USDEUR,40.45592,99500
2018-07-03,09:30:30.583,EURPLN,49.6524,45700
2018-07-03,09:30:30.787,USDPLN,92.13077,90000
2018-07-03,09:30:30.897,USDEUR,91.89617,40400
2018-07-03,09:30:45.715,USDEUR,31.41879,77400
2018-07-03,09:30:45.939,GBPPLN,83.76382,87400
2018-07-03,09:31:00.006,USDPLN,50.48892,62600
2018-07-03,09:31:00.704,USDPLN,93.38389,18200
2018-07-03,09:31:00.998,USDPLN,54.74793,41700
2018-07-03,09:31:15.070,USDGBP,53.63305,16700
2018-07-03,09:31:15.273,GBPPLN,69.64761,84900
2018-07-03,09:31:15.471,USDGBP,69.75677,13900
2018-07-03,09:31:15.716,USDPLN,72.91097,22100
2018-07-03,09:31:30.130,USDPLN,57.57006,91000
2018-07-03,09:31:30.143,EURPLN,47.36118,11800
2018-07-03,09:31:30.303,USDPLN,68.8287,8900
2018-07-03,09:31:30.414,EURPLN,66.53644,57500
2018-07-03,09:31:30.457,EURPLN,40.31132,77400
2018-07-03,09:31:30.711,GBPPLN,10.08645,69000
2018-07-03,09:31:45.228,USDGBP,47.96211,24100
2018-07-03,09:31:45.566,GBPPLN,18.22424,50500
2018-07-03,09:31:45.568,GBPPLN,11.2574,61500
2018-07-03,09:31:45.907,USDGBP,91.02181,3000
2018-07-03,09:32:00.170,GBPPLN,40.70058,14800
2018-07-03,09:32:00.284,USDPLN,52.66877,10300
2018-07-03,09:32:00.310,USDGBP,3.131444,91200
2018-07-03,09:32:00.561,USDGBP,28.59082,52200
2018-07-03,09:32:00.728,USDGBP,75.89846,11000
2018-07-03,09:32:00.813,EURPLN,93.04433,95800
2018-07-03,09:32:00.917,GBPPLN,8.480227,55700
2018-07-03,09:32:15.391,USDEUR,9.00127,22300
2018-07-03,09:32:15.490,USDEUR,40.80526,93200
2018-07-03,09:32:30.468,USDGBP,65.25767,83600
2018-07-03,09:32:30.777,EURPLN,80.26279,18000
2018-07-03,09:32:30.888,EURPLN,33.53886,83400
2018-07-03,09:32:45.008,USDEUR,73.80491,43300
2018-07-03,09:32:45.069,USDEUR,29.32775,43400
2018-07-03,09:32:45.168,USDPLN,9.263364,90600
2018-07-03,09:32:45.944,USDGBP,24.26631,81900
2018-07-03,09:33:00.180,USDPLN,62.81104,23700
2018-07-03,09:33:00.448,GBPPLN,93.45226,27900
2018-07-03,09:33:00.472,USDPLN,14.00242,42400
2018-07-03,09:33:00.609,GBPPLN,12.12325,55300
2018-07-03,09:33:00.612,USDGBP,98.54772,70900
2018-07-03,09:33:00.974,USDEUR,84.51156,8800
2018-07-03,09:33:15.154,EURPLN,53.63815,59400
2018-07-03,09:33:15.264,USDPLN,25.13449,82600
2018-07-03,09:33:15.407,USDGBP,33.28609,42700
2018-07-03,09:33:15.501,EURPLN,97.6868,68600
2018-07-03,09:33:30.079,USDPLN,29.23901,22000
2018-07-03,09:33:30.592,USDEUR,44.50468,2900
2018-07-03,09:33:30.838,EURPLN,27.10035,98000
2018-07-03,09:33:45.006,GBPPLN,60.00136,34400
2018-07-03,09:33:45.157,USDEUR,48.29982,41800
2018-07-03,09:33:45.447,USDPLN,45.94688,64100
2018-07-03,09:33:45.580,USDPLN,12.00255,34500
2018-07-03,09:33:45.742,GBPPLN,93.94273,86600
2018-07-03,09:33:45.864,USDGBP,2.788611,23300
2018-07-03,09:33:45.969,USDGBP,70.26389,85200
2018-07-03,09:34:00.229,USDPLN,71.84219,42300
2018-07-03,09:34:00.506,EURPLN,67.32513,44400
2018-07-03,09:34:00.702,USDGBP,55.67485,32500
2018-07-03,09:34:00.745,EURPLN,75.1328,85000
2018-07-03,09:34:00.833,EURPLN,34.49381,57200
2018-07-03,09:34:15.065,GBPPLN,93.9203,95100
2018-07-03,09:34:15.131,USDEUR,0.5124252,65900
2018-07-03,09:34:15.512,USDEUR,44.57451,38200
2018-07-03,09:34:15.602,USDEUR,99.01257,47400
2018-07-03,09:34:15.822,GBPPLN,30.90365,73700
2018-07-03,09:34:15.931,USDGBP,58.85588,56300
2018-07-03,09:34:30.022,USDPLN,93.24684,21600
2018-07-03,09:34:30.205,EURPLN,9.436515,95800
2018-07-03,09:34:30.552,USDPLN,42.67138,67000
2018-07-03,09:34:30.555,USDPLN,24.91852,90900
2018-07-03,09:34:30.615,USDGBP,4.193874,78000
2018-07-03,09:34:45.164,USDGBP,2.174567,14100
2018-07-03,09:34:45.223,USDGBP,23.88025,3800
2018-07-03,09:34:45.232,USDEUR,88.93365,14600
2018-07-03,09:34:45.418,GBPPLN,10.96614,21400
2018-07-03,09:34:45.419,GBPPLN,83.89185,7300
2018-07-03,09:34:45.899,USDGBP,63.47753,2000
2018-07-03,09:35:00.012,USDEUR,64.89274,49100
2018-07-03,09:35:00.089,USDPLN,7.906031,28600
2018-07-03,09:35:00.134,USDEUR,27.73381,80600
2018-07-03,09:35:00.231,EURPLN,24.79066,70100
2018-07-03,09:35:00.558,GBPPLN,8.27278,17800
2018-07-03,09:35:00.599,USDEUR,76.25216,56500
2018-07-03,09:35:00.999,USDPLN,47.31815,86000
2018-07-03,09:35:15.138,USDPLN,27.19159,14700
2018-07-03,09:35:15.321,USDGBP,13.47306,96900
2018-07-03,09:35:15.413,GBPPLN,27.55371,95900
2018-07-03,09:35:30.376,USDEUR,10.27661,22700
2018-07-03,09:35:30.963,USDPLN,99.53066,47400
2018-07-03,09:35:45.128,USDPLN,90.45406,96400
2018-07-03,09:35:45.240,USDGBP,80.93684,66500
2018-07-03,09:35:45.365,USDEUR,59.19313,39000
2018-07-03,09:35:45.577,USDPLN,70.45989,58400
2018-07-03,09:35:45.806,GBPPLN,14.22493,80000
2018-07-03,09:35:45.953,GBPPLN,72.2632,51700
2018-07-03,09:36:00.448,USDGBP,42.50337,28800
2018-07-03,09:36:00.557,USDPLN,72.22952,6300
2018-07-03,09:36:00.600,USDEUR,2.349551,28500
2018-07-03,09:36:00.836,EURPLN,95.318,75000
2018-07-03,09:36:15.273,USDPLN,86.8861,93400
2018-07-03,09:36:15.415,EURPLN,88.18605,5400
2018-07-03,09:36:15.467,USDGBP,0.31348,69300
2018-07-03,09:36:15.514,EURPLN,57.71967,35600
2018-07-03,09:36:15.641,GBPPLN,25.54349,600
2018-07-03,09:36:15.798,EURPLN,32.7681,19700
2018-07-03,09:36:15.903,EURPLN,67.35678,41700
2018-07-03,09:36:15.944,USDPLN,92.24948,57800
2018-07-03,09:36:30.009,EURPLN,85.47404,27300
2018-07-03,09:36:30.453,USDPLN,33.34439,49000
2018-07-03,09:36:30.592,GBPPLN,30.30389,94500
2018-07-03,09:36:30.750,GBPPLN,57.91082,65300
2018-07-03,09:36:45.137,EURPLN,52.81793,17200
2018-07-03,09:36:45.141,EURPLN,12.71035,3600
2018-07-03,09:36:45.169,USDPLN,25.91422,76400
2018-07-03,09:36:45.476,GBPPLN,42.79614,28200
2018-07-03,09:36:45.913,USDPLN,15.17701,8200
2018-07-03,09:36:45.964,USDPLN,79.85059,91600
2018-07-03,09:36:45.986,GBPPLN,74.90711,48500
2018-07-03,09:37:00.034,USDEUR,82.19294,58300
2018-07-03,09:37:00.072,USDPLN,30.60053,7700
2018-07-03,09:37:00.607,GBPPLN,74.82531,97700
2018-07-03,09:37:00.679,USDGBP,46.77176,35900
2018-07-03,09:37:00.868,GBPPLN,46.21395,71100
2018-07-03,09:37:15.050,USDPLN,44.60043,13100
2018-07-03,09:37:15.267,EURPLN,9.883211,30800
2018-07-03,09:37:15.432,USDPLN,70.96809,47200
2018-07-03,09:37:15.891,USDPLN,25.24891,74500
2018-07-03,09:37:15.959,USDGBP,35.04693,85800
2018-07-03,09:37:15.977,USDEUR,8.474373,43200
2018-07-03,09:37:30.129,USDGBP,69.24686,46300
2018-07-03,09:37:30.197,USDPLN,32.33913,24000
2018-07-03,09:37:30.337,USDPLN,74.60033,81200
2018-07-03,09:37:30.725,GBPPLN,1.365333,35100
2018-07-03,09:37:30.742,EURPLN,40.02525,50100
2018-07-03,09:37:30.805,GBPPLN,93.63362,46700
2018-07-03,09:37:30.833,EURPLN,26.63035,77800
2018-07-03,09:37:45.015,USDPLN,36.17324,14200
2018-07-03,09:37:45.097,USDGBP,92.25337,35900
2018-07-03,09:37:45.334,USDPLN,3.198954,85900
2018-07-03,09:37:45.644,GBPPLN,70.76833,39600
2018-07-03,09:37:45.658,EURPLN,5.51112,27500
2018-07-03,09:37:45.672,USDPLN,9.902632,33200
2018-07-03,09:37:45.697,EURPLN,39.12723,21700
2018-07-03,09:37:45.707,USDPLN,11.0183,38100
2018-07-03,09:37:45.898,USDEUR,34.55294,3800
2018-07-03,09:38:00.120,EURPLN,85.84564,54200
2018-07-03,09:38:00.234,USDGBP,87.90397,59800
2018-07-03,09:38:00.579,USDPLN,67.66372,39600
2018-07-03,09:38:00.702,USDGBP,93.76314,19100
2018-07-03,09:38:00.847,USDEUR,23.01489,39000
2018-07-03,09:38:00.954,USDEUR,59.29997,95300
2018-07-03,09:38:15.092,USDEUR,92.58554,72000
2018-07-03,09:38:15.366,EURPLN,94.44009,41700
2018-07-03,09:38:15.435,USDGBP,52.30862,36300
2018-07-03,09:38:15.544,USDPLN,35.47586,70700
2018-07-03,09:38:15.633,USDGBP,63.29876,16000
2018-07-03,09:38:15.775,USDEUR,0.6172424,71100
2018-07-03,09:38:15.810,EURPLN,85.66705,13600
2018-07-03,09:38:15.873,USDPLN,1.282586,98100
2018-07-03,09:38:30.084,GBPPLN,25.77516,22000
2018-07-03,09:38:30.106,EURPLN,6.853932,93600
2018-07-03,09:38:30.106,USDGBP,39.61671,7400
2018-07-03,09:38:30.302,GBPPLN,84.58327,10200
2018-07-03,09:38:30.538,USDGBP,99.18711,38400
2018-07-03,09:38:30.623,USDEUR,42.62045,96600
2018-07-03,09:38:30.748,USDGBP,22.67986,9000
2018-07-03,09:38:30.766,USDGBP,80.49861,51500
2018-07-03,09:38:30.983,USDGBP,71.08203,14200
2018-07-03,09:38:45.148,GBPPLN,57.24695,77800
2018-07-03,09:38:45.196,USDPLN,27.51778,93400
2018-07-03,09:38:45.425,EURPLN,49.76754,30800
2018-07-03,09:39:00.017,GBPPLN,72.11632,67300
2018-07-03,09:39:00.164,USDEUR,50.40509,31100
2018-07-03,09:39:00.277,USDEUR,1.114779,75500
2018-07-03,09:39:00.470,GBPPLN,81.24465,38600
2018-07-03,09:39:00.627,EURPLN,65.93583,34700
2018-07-03,09:39:00.672,GBPPLN,74.88374,83000
2018-07-03,09:39:00.971,USDPLN,73.3511,58100
2018-07-03,09:39:15.156,USDGBP,61.26805,35200
2018-07-03,09:39:15.603,USDGBP,34.45738,55300
2018-07-03,09:39:15.787,EURPLN,23.62829,21800
2018-07-03,09:39:15.898,GBPPLN,18.87576,33600
2018-07-03,09:39:15.973,USDEUR,86.23902,61400
2018-07-03,09:39:30.036,USDGBP,47.42559,85300
2018-07-03,09:39:30.080,USDPLN,87.30646,31800
2018-07-03,09:39:30.196,EURPLN,80.00928,14600
2018-07-03,09:39:45.540,GBPPLN,79.06357,45600
2018-07-03,09:39:45.686,USDPLN,0.4673268,22800
2018-07-03,09:39:45.812,GBPPLN,90.95341,30900
2018-07-03,09:40:00.080,USDPLN,64.61324,92400
2018-07-03,09:40:00.433,USDGBP,28.07999,41500
2018-07-03,09:40:00.640,USDGBP,17.03538,4400
2018-07-03,09:40:00.728,USDPLN,4.113934,41600
2018-07-03,09:40:15.183,USDGBP,26.63257,15900
2018-07-03,09:40:15.662,USDEUR,35.22259,52900
2018-07-03,09:40:15.830,USDPLN,61.46548,65500
2018-07-03,09:40:30.248,EURPLN,32.46403,71800
2018-07-03,09:40:30.344,GBPPLN,37.12915,37700
2018-07-03,09:40:30.350,GBPPLN,96.56463,5400
2018-07-03,09:40:30.729,USDGBP,60.92578,28700
2018-07-03,09:40:30.763,USDEUR,88.78069,19900
2018-07-03,09:40:30.858,USDEUR,50.54969,57400
2018-07-03,09:40:30.897,GBPPLN,77.36828,22400
2018-07-03,09:40:45.067,USDEUR,53.7959,38500
2018-07-03,09:40:45.125,USDPLN,98.98286,60000
2018-07-03,09:40:45.163,GBPPLN,48.95956,14200
2018-07-03,09:40:45.600,USDGBP,27.87982,98800
2018-07-03,09:41:00.026,USDEUR,35.8324,22200
2018-07-03,09:41:00.145,USDGBP,20.97034,90200
2018-07-03,09:41:00.158,EURPLN,4.680584,32200
2018-07-03,09:41:00.282,USDGBP,20.09878,91200
2018-07-03,09:41:00.470,USDGBP,17.24224,77300
2018-07-03,09:41:00.632,USDEUR,56.31701,12700
2018-07-03,09:41:00.724,USDPLN,36.61404,24200
2018-07-03,09:41:00.738,USDPLN,28.31286,19400
2018-07-03,09:41:00.888,USDPLN,27.96147,39300
2018-07-03,09:41:00.935,GBPPLN,31.94748,22000
2018-07-03,09:41:15.017,GBPPLN,57.94123,96400
2018-07-03,09:41:15.184,EURPLN,54.21123,46500
2018-07-03,09:41:15.276,USDGBP,90.11785,38400
2018-07-03,09:41:15.416,USDGBP,96.25351,42700
2018-07-03,09:41:30.132,USDEUR,58.06262,67700
2018-07-03,09:41:30.137,USDEUR,36.5284,74500
2018-07-03,09:41:30.142,USDGBP,46.79525,23000
2018-07-03,09:41:30.346,GBPPLN,81.25157,90500
2018-07-03,09:41:30.441,EURPLN,75.524,29700
2018-07-03,09:41:30.673,USDEUR,3.429136,89200
2018-07-03,09:41:30.757,EURPLN,54.15492,55900
2018-07-03,09:41:30.839,USDEUR,27.13177,68000
2018-07-03,09:41:45.035,USDPLN,80.79932,40000
2018-07-03,09:41:45.195,EURPLN,88.09454,77400
2018-07-03,09:41:45.199,EURPLN,43.96508,12100
2018-07-03,09:41:45.967,USDPLN,83.44163,58200
2018-07-03,09:41:45.983,USDEUR,38.97847,97900
2018-07-03,09:42:00.208,USDGBP,78.069,57800
2018-07-03,09:42:00.305,USDGBP,93.43116,20900
2018-07-03,09:42:00.825,EURPLN,94.27083,48500
2018-07-03,09:42:15.021,USDEUR,96.6909,1600
2018-07-03,09:42:15.031,GBPPLN,78.45039,700
2018-07-03,09:42:15.101,USDPLN,25.83627,7200
2018-07-03,09:42:15.385,USDPLN,23.87858,27000
2018-07-03,09:42:15.615,GBPPLN,65.56688,21800
2018-07-03,09:42:15.629,USDEUR,22.02069,84000
2018-07-03,09:42:15.728,GBPPLN,60.03744,52800
2018-07-03,09:42:15.862,EURPLN,42.4156,44600
2018-07-03,09:42:15.979,USDEUR,49.19468,13700
2018-07-03,09:42:30.022,USDGBP,49.24706,6600
2018-07-03,09:42:30.417,USDGBP,98.98343,46700
2018-07-03,09:42:30.508,EURPLN,90.13584,88400
2018-07-03,09:42:30.571,USDGBP,17.33975,27700
2018-07-03,09:42:30.594,EURPLN,8.905653,73700
2018-07-03,09:42:30.682,USDPLN,22.2769,30500
2018-07-03,09:42:30.712,EURPLN,93.45405,97400
2018-07-03,09:42:30.989,USDPLN,47.41316,14400
2018-07-03,09:42:45.426,USDGBP,19.78596,58800
2018-07-03,09:42:45.612,USDEUR,89.71476,82200
2018-07-03,09:42:45.707,USDPLN,82.90862,6500
2018-07-03,09:42:45.832,USDPLN,26.03301,38400
2018-07-03,09:42:45.928,USDPLN,50.5871,75400
2018-07-03,09:43:00.041,GBPPLN,38.72106,91000
2018-07-03,09:43:00.244,USDEUR,22.30597,38300
2018-07-03,09:43:00.980,USDEUR,28.46958,45100
2018-07-03,09:43:15.232,GBPPLN,25.61317,97100
2018-07-03,09:43:15.479,GBPPLN,15.60149,41600
2018-07-03,09:43:15.524,EURPLN,28.35717,12000
2018-07-03,09:43:15.975,GBPPLN,66.56587,4300
2018-07-03,09:43:30.249,USDGBP,48.82407,32600
2018-07-03,09:43:30.267,USDEUR,61.75876,9500
2018-07-03,09:43:30.465,USDGBP,38.89008,90600
2018-07-03,09:43:30.511,EURPLN,28.28642,63200
2018-07-03,09:43:30.872,USDPLN,8.944405,95300
2018-07-03,09:43:30.919,USDGBP,94.25114,64800
2018-07-03,09:43:45.602,USDGBP,95.27252,67900
2018-07-03,09:43:45.705,USDGBP,66.03798,42300
2018-07-03,09:44:00.547,USDGBP,1.304961,57500
2018-07-03,09:44:00.671,USDEUR,24.16966,8200
2018-07-03,09:44:00.876,USDEUR,75.5294,97400
2018-07-03,09:44:00.947,USDGBP,43.54287,69700
2018-07-03,09:44:00.968,EURPLN,94.01997,16900
2018-07-03,09:44:15.050,USDGBP,32.81872,61500
2018-07-03,09:44:15.699,EURPLN,79.98535,0
2018-07-03,09:44:30.138,GBPPLN,3.229269,76000
2018-07-03,09:44:30.150,USDGBP,90.90544,48400
2018-07-03,09:44:30.495,GBPPLN,67.97538,22600
2018-07-03,09:44:45.014,USDEUR,57.20819,70500
2018-07-03,09:44:45.098,USDEUR,43.1903,52500
2018-07-03,09:44:45.187,USDPLN,21.4837,88700
2018-07-03,09:44:45.231,USDEUR,90.90437,89100
2018-07-03,09:45:00.037,USDGBP,87.07491,41200
2018-07-03,09:45:00.112,USDEUR,6.977775,38100
2018-07-03,09:45:00.568,GBPPLN,36.91864,55900
2018-07-03,09:45:15.055,GBPPLN,70.93334,10500
2018-07-03,09:45:15.120,USDPLN,51.55376,38100
2018-07-03,09:45:15.171,USDGBP,40.81741,64000
2018-07-03,09:45:15.636,GBPPLN,51.80247,19000
2018-07-03,09:45:15.816,USDGBP,36.72871,4800
2018-07-03,09:45:30.167,EURPLN,33.70312,17100
2018-07-03,09:45:30.448,USDEUR,75.11359,26700
2018-07-03,09:45:30.705,USDGBP,65.28927,16000
2018-07-03,09:45:30.734,USDEUR,32.07952,73600
2018-07-03,09:45:30.839,USDPLN,85.77892,42400
2018-07-03,09:45:30.938,EURPLN,63.69923,32500
2018-07-03,09:45:45.031,GBPPLN,9.226016,3300
2018-07-03,09:45:45.074,USDPLN,72.96897,22800
2018-07-03,09:45:45.235,USDEUR,1.886178,19100
2018-07-03,09:45:45.275,USDGBP,57.80338,25100
2018-07-03,09:45:45.373,USDGBP,0.3861047,33600
2018-07-03,09:45:45.460,EURPLN,18.88141,65900
2018-07-03,09:45:45.476,EURPLN,63.9726,54000
2018-07-03,09:45:45.873,USDPLN,78.77771,19600
2018-07-03,09:46:00.028,USDEUR,50.70527,51000
2018-07-03,09:46:00.507,USDEUR,7.974141,82100
2018-07-03,09:46:00.561,EURPLN,16.41364,40500
2018-07-03,09:46:00.830,USDEUR,15.38828,35200
2018-07-03,09:46:15.032,USDEUR,95.04438,67200
2018-07-03,09:46:15.118,USDEUR,20.25705,57200
2018-07-03,09:46:15.372,USDGBP,72.58804,49100
2018-07-03,09:46:15.597,USDEUR,60.10187,69800
2018-07-03,09:46:15.620,USDPLN,94.53781,23400
2018-07-03,09:46:15.962,USDEUR,24.80853,55400
2018-07-03,09:46:30.100,USDGBP,48.73317,76600
2018-07-03,09:46:30.107,EURPLN,97.5357,88500
2018-07-03,09:46:30.363,USDGBP,61.2705,48500
2018-07-03,09:46:30.589,USDPLN,78.96409,11800
2018-07-03,09:46:30.639,GBPPLN,67.4492,96200
2018-07-03,09:46:30.942,GBPPLN,80.90025,17500
2018-07-03,09:46:30.943,USDEUR,9.6778,39600
2018-07-03,09:46:45.178,USDEUR,0.7777765,92300
2018-07-03,09:46:45.212,EURPLN,8.153298,26800
2018-07-03,09:46:45.306,USDEUR,15.05059,65900
2018-07-03,09:47:00.318,USDGBP,63.08472,14100
2018-07-03,09:47:00.558,USDGBP,63.13755,57900
2018-07-03,09:47:00.729,USDEUR,5.428814,29400
2018-07-03,09:47:00.763,USDEUR,15.3203,1100
2018-07-03,09:47:00.795,USDPLN,93.01795,61400
2018-07-03,09:47:00.904,USDEUR,27.33732,74000
2018-07-03,09:47:00.928,USDPLN,97.745,24100
2018-07-03,09:47:15.087,USDGBP,53.89471,41600
2018-07-03,09:47:15.465,USDEUR,77.17609,6300
2018-07-03,09:47:15.543,USDPLN,73.09016,3000
2018-07-03,09:47:15.592,EURPLN,43.25663,27400
2018-07-03,09:47:15.778,USDPLN,55.43635,29800
2018-07-03,09:47:15.787,USDEUR,76.92091,18000
2018-07-03,09:47:30.818,USDPLN,9.795923,60100
2018-07-03,09:47:30.823,USDPLN,1.87948,24700
2018-07-03,09:47:30.831,EURPLN,18.0364,37600
2018-07-03,09:47:30.971,USDGBP,30.28334,55800
2018-07-03,09:47:45.543,USDPLN,35.67604,24700
2018-07-03,09:47:45.871,USDEUR,82.20934,68700
2018-07-03,09:48:00.133,USDPLN,87.06468,85500
2018-07-03,09:48:00.152,EURPLN,41.08898,41200
2018-07-03,09:48:00.501,USDEUR,90.38593,4200
2018-07-03,09:48:00.506,USDEUR,45.26961,55900
2018-07-03,09:48:00.534,GBPPLN,57.92672,61200
2018-07-03,09:48:00.627,USDEUR,19.06917,3700
2018-07-03,09:48:00.813,USDEUR,2.496768,23800
2018-07-03,09:48:00.974,GBPPLN,71.47087,33900
2018-07-03,09:48:15.516,EURPLN,32.9595,69800
2018-07-03,09:48:15.639,USDGBP,81.75549,3100
2018-07-03,09:48:15.660,USDGBP,50.22787,13000
2018-07-03,09:48:15.678,USDPLN,67.62411,82500
2018-07-03,09:48:15.735,USDPLN,90.25169,64300
2018-07-03,09:48:15.936,EURPLN,90.0228,54700
2018-07-03,09:48:15.939,GBPPLN,5.693095,54900
2018-07-03,09:48:15.943,GBPPLN,66.12419,90200
2018-07-03,09:48:15.967,USDGBP,54.92562,2400
2018-07-03,09:48:30.006,USDEUR,27.26127,81800
2018-07-03,09:48:30.401,USDGBP,83.56003,95300
2018-07-03,09:48:30.587,GBPPLN,57.19609,79700
2018-07-03,09:48:30.787,USDPLN,24.95793,53400
2018-07-03,09:48:45.224,EURPLN,64.24145,63600
2018-07-03,09:48:45.564,USDPLN,46.33345,58100
2018-07-03,09:48:45.775,EURPLN,65.50323,91700
2018-07-03,09:48:45.910,GBPPLN,73.73379,83600
2018-07-03,09:49:00.201,EURPLN,2.86483,23100
2018-07-03,09:49:00.555,USDEUR,38.43707,50100
2018-07-03,09:49:00.571,EURPLN,55.40446,57800
2018-07-03,09:49:00.648,USDGBP,87.92946,79700
2018-07-03,09:49:15.283,USDEUR,59.75824,3500
2018-07-03,09:49:15.752,USDPLN,0.9259772,30400
2018-07-03,09:49:30.212,USDEUR,6.354529,1500
2018-07-03,09:49:30.225,USDEUR,14.23016,36400
2018-07-03,09:49:30.590,USDGBP,14.57186,31900
2018-07-03,09:49:30.633,EURPLN,98.29411,99200
2018-07-03,09:49:45.138,USDGBP,46.80341,18200
2018-07-03,09:49:45.612,USDGBP,59.76733,56900
2018-07-03,09:49:45.851,USDPLN,26.41102,73200
2018-07-03,09:49:45.905,USDPLN,19.36767,53000
2018-07-03,09:50:00.356,USDEUR,47.18557,35000
2018-07-03,09:50:00.418,GBPPLN,24.71384,2200
2018-07-03,09:50:15.488,USDGBP,28.84233,60600
2018-07-03,09:50:15.669,EURPLN,59.93331,52900
2018-07-03,09:50:15.744,GBPPLN,73.48216,59500
2018-07-03,09:50:15.801,GBPPLN,35.38456,43200
2018-07-03,09:50:15.845,GBPPLN,41.77866,99300
2018-07-03,09:50:15.873,USDPLN,31.22306,52400
2018-07-03,09:50:30.280,USDGBP,64.8883,76100
2018-07-03,09:50:30.525,USDGBP,40.9054,17200
2018-07-03,09:50:30.963,USDGBP,62.16657,52600
2018-07-03,09:50:45.474,USDEUR,71.23782,32600
2018-07-03,09:50:45.593,USDEUR,52.11459,3500
2018-07-03,09:50:45.755,GBPPLN,52.52888,57900
2018-07-03,09:50:45.970,USDPLN,70.49203,99100
2018-07-03,09:51:00.093,USDPLN,56.31335,77300
2018-07-03,09:51:00.212,USDGBP,67.24136,19100
2018-07-03,09:51:00.261,GBPPLN,19.17204,70400
2018-07-03,09:51:00.281,USDPLN,8.114882,15900
2018-07-03,09:51:00.315,GBPPLN,64.80641,32000
2018-07-03,09:51:00.606,USDEUR,55.60642,79600
2018-07-03,09:51:00.724,EURPLN,22.71513,69400
2018-07-03,09:51:15.176,EURPLN,2.526883,59100
2018-07-03,09:51:15.345,EURPLN,59.80296,22500
2018-07-03,09:51:15.417,USDPLN,59.19363,50500
2018-07-03,09:51:15.477,USDPLN,19.67975,86000
2018-07-03,09:51:15.712,EURPLN,83.00591,9800
2018-07-03,09:51:30.219,USDGBP,1.011203,90200
2018-07-03,09:51:30.221,GBPPLN,49.35475,11200
2018-07-03,09:51:30.585,USDEUR,67.71716,68600
2018-07-03,09:51:45.542,USDPLN,44.15381,40200
2018-07-03,09:51:45.634,USDPLN,17.29728,23000
2018-07-03,09:52:00.006,USDGBP,85.47752,27700
2018-07-03,09:52:00.150,EURPLN,89.36813,18900
2018-07-03,09:52:00.407,EURPLN,80.17313,66900
2018-07-03,09:52:00.420,USDPLN,37.49541,89300
2018-07-03,09:52:15.070,USDPLN,3.25197,21900
2018-07-03,09:52:15.396,USDPLN,35.20185,17400
2018-07-03,09:52:15.565,GBPPLN,58.84419,84200
2018-07-03,09:52:15.590,GBPPLN,44.04984,99700
2018-07-03,09:52:15.832,USDGBP,70.70584,69300
2018-07-03,09:52:15.929,EURPLN,9.234805,2400
2018-07-03,09:52:30.240,GBPPLN,39.61554,38000
2018-07-03,09:52:30.271,USDEUR,82.93481,11700
2018-07-03,09:52:30.366,USDPLN,53.58435,20100
2018-07-03,09:52:30.389,USDGBP,30.50724,27200
2018-07-03,09:52:30.562,USDGBP,45.13179,75300
2018-07-03,09:52:30.659,EURPLN,56.37511,47000
2018-07-03,09:52:45.039,USDGBP,10.09952,48900
2018-07-03,09:52:45.183,USDEUR,77.45756,34200
2018-07-03,09:52:45.293,USDPLN,28.31635,3900
2018-07-03,09:52:45.490,USDGBP,74.34738,38700
2018-07-03,09:52:45.643,USDEUR,78.19086,95700
2018-07-03,09:52:45.858,USDGBP,81.21584,18900
2018-07-03,09:53:00.646,GBPPLN,49.44811,48600
2018-07-03,09:53:00.687,USDPLN,10.58996,43800
2018-07-03,09:53:00.688,USDGBP,39.84702,54100
2018-07-03,09:53:00.779,GBPPLN,96.42291,81400
2018-07-03,09:53:15.177,USDGBP,21.99895,22600
2018-07-03,09:53:15.207,USDGBP,45.47521,62800
2018-07-03,09:53:15.485,EURPLN,86.41876,17100
2018-07-03,09:53:15.573,EURPLN,78.84955,64700
2018-07-03,09:53:15.857,GBPPLN,71.3624,29300
2018-07-03,09:53:30.045,EURPLN,89.51722,99400
2018-07-03,09:53:30.334,USDGBP,36.06325,63900
2018-07-03,09:53:30.959,USDEUR,37.80869,10900
2018-07-03,09:53:45.064,EURPLN,84.54707,99400
2018-07-03,09:53:45.362,USDGBP,6.807945,98300
2018-07-03,09:53:45.486,USDPLN,92.16259,42400
2018-07-03,09:53:45.487,GBPPLN,66.35678,44300
2018-07-03,09:54:00.506,USDGBP,99.00539,61400
2018-07-03,09:54:00.576,GBPPLN,27.21533,48200
2018-07-03,09:54:00.881,GBPPLN,46.4492,64600
2018-07-03,09:54:00.907,USDEUR,88.69472,45700
2018-07-03,09:54:15.028,GBPPLN,7.588752,0
2018-07-03,09:54:15.042,USDEUR,43.22261,72500
2018-07-03,09:54:15.435,EURPLN,94.29349,87600
2018-07-03,09:54:15.541,GBPPLN,93.41363,76400
2018-07-03,09:54:15.672,USDGBP,53.64045,17500
2018-07-03,09:54:15.744,USDGBP,43.89259,49600
2018-07-03,09:54:30.084,EURPLN,76.15005,28200
2018-07-03,09:54:30.100,EURPLN,6.167111,75900
2018-07-03,09:54:30.102,USDGBP,97.08717,84900
2018-07-03,09:54:30.153,EURPLN,20.01295,20700
2018-07-03,09:54:30.328,USDGBP,97.21253,83500
2018-07-03,09:54:30.723,GBPPLN,47.80521,33900
2018-07-03,09:54:30.786,EURPLN,54.63789,41600
2018-07-03,09:54:30.816,GBPPLN,58.4825,14500
2018-07-03,09:54:30.921,USDPLN,17.06518,45600
2018-07-03,09:54:45.200,USDEUR,15.57707,34500
2018-07-03,09:54:45.253,USDEUR,85.54989,38500
2018-07-03,09:54:45.260,EURPLN,15.14995,78000
2018-07-03,09:54:45.277,EURPLN,5.874245,51900
2018-07-03,09:54:45.541,USDGBP,70.23167,86400
2018-07-03,09:54:45.750,USDPLN,30.80542,5700
2018-07-04,09:30:00.096,USDEUR,75.83554,68000
2018-07-04,09:30:00.137,EURPLN,77.04924,66700
2018-07-04,09:30:00.343,USDPLN,43.07938,18600
2018-07-04,09:30:00.405,GBPPLN,73.8999,98500
2018-07-04,09:30:00.550,USDGBP,47.65071,48500
2018-07-04,09:30:00.595,USDGBP,50.96696,69000
2018-07-04,09:30:15.041,USDEUR,70.00014,26400
2018-07-04,09:30:15.326,GBPPLN,3.157074,82300
2018-07-04,09:30:15.531,USDPLN,4.59753,64800
2018-07-04,09:30:15.680,GBPPLN,88.59814,17700
2018-07-04,09:30:15.765,GBPPLN,52.7644,54300
2018-07-04,09:30:15.817,USDGBP,16.10811,64400
2018-07-04,09:30:15.978,USDPLN,32.45673,46100
2018-07-04,09:30:30.515,USDGBP,91.5937,99300
2018-07-04,09:30:30.523,USDGBP,33.66171,26100
2018-07-04,09:30:30.809,USDGBP,41.49023,24900
2018-07-04,09:30:30.951,USDGBP,2.292904,82400
2018-07-04,09:30:45.127,GBPPLN,94.36755,46200
2018-07-04,09:30:45.185,USDGBP,82.65667,29400
2018-07-04,09:30:45.257,USDEUR,4.040733,13700
2018-07-04,09:30:45.471,USDGBP,39.23148,38100
2018-07-04,09:30:45.783,USDPLN,60.25011,98000
2018-07-04,09:30:45.936,USDGBP,21.75963,49000
2018-07-04,09:30:45.939,GBPPLN,74.94778,91800
2018-07-04,09:31:00.171,EURPLN,58.63435,25600
2018-07-04,09:31:00.195,EURPLN,93.35802,45900
2018-07-04,09:31:00.298,GBPPLN,91.66753,67800
2018-07-04,09:31:00.677,USDPLN,92.03321,21200
2018-07-04,09:31:00.730,USDPLN,36.85923,15800
2018-07-04,09:31:00.905,USDPLN,35.28128,82200
2018-07-04,09:31:15.215,USDPLN,7.577326,16800
2018-07-04,09:31:15.258,EURPLN,82.76427,71800
2018-07-04,09:31:15.355,GBPPLN,40.39956,6700
2018-07-04,09:31:15.672,USDEUR,48.25377,28400
2018-07-04,09:31:15.697,USDGBP,54.24302,58900
2018-07-04,09:31:15.994,USDGBP,66.05391,50800
2018-07-04,09:31:30.228,USDGBP,3.146961,21100
2018-07-04,09:31:30.394,USDEUR,26.15888,71900
2018-07-04,09:31:30.408,USDGBP,33.43336,58600
2018-07-04,09:31:30.699,USDGBP,29.40741,44500
2018-07-04,09:31:30.705,USDEUR,76.00068,14600
2018-07-04,09:31:45.074,USDGBP,76.46024,15500
2018-07-04,09:31:45.281,GBPPLN,18.46067,16500
2018-07-04,09:31:45.390,GBPPLN,78.98548,15500
2018-07-04,09:31:45.453,USDGBP,79.70543,81300
2018-07-04,09:31:45.691,EURPLN,7.932233,17400
2018-07-04,09:31:45.717,USDPLN,84.85259,65400
2018-07-04,09:31:45.802,EURPLN,19.83539,50700
2018-07-04,09:32:00.081,USDPLN,35.81478,26900
2018-07-04,09:32:00.279,GBPPLN,39.54745,85200
2018-07-04,09:32:00.348,USDPLN,27.11244,14300
2018-07-04,09:32:00.474,USDGBP,52.78526,11500
2018-07-04,09:32:00.536,GBPPLN,46.41694,95300
2018-07-04,09:32:00.547,EURPLN,63.88219,19100
2018-07-04,09:32:00.793,USDGBP,20.3563,36500
2018-07-04,09:32:00.965,USDGBP,44.93407,53000
2018-07-04,09:32:15.151,GBPPLN,98.32222,70200
2018-07-04,09:32:15.166,EURPLN,61.21859,93400
2018-07-04,09:32:15.336,GBPPLN,18.50961,86100
2018-07-04,09:32:15.936,USDGBP,77.16408,91500
2018-07-04,09:32:15.966,EURPLN,51.60725,59500
2018-07-04,09:32:30.030,EURPLN,88.67113,37900
2018-07-04,09:32:30.093,EURPLN,5.996015,75800
2018-07-04,09:32:30.208,USDPLN,50.52697,55900
2018-07-04,09:32:30.258,USDEUR,13.93627,76900
2018-07-04,09:32:30.263,EURPLN,31.22418,76000
2018-07-04,09:32:30.350,GBPPLN,21.07819,91900
2018-07-04,09:32:30.957,USDGBP,17.17519,99700
2018-07-04,09:32:45.161,GBPPLN,23.28018,93000
2018-07-04,09:32:45.210,USDEUR,73.34323,22400
2018-07-04,09:32:45.269,GBPPLN,61.41791,79800
2018-07-04,09:32:45.419,GBPPLN,88.28408,88600
2018-07-04,09:32:45.508,EURPLN,25.17213,13000
2018-07-04,09:32:45.654,EURPLN,56.27869,43400
2018-07-04,09:32:45.674,USDEUR,45.11025,10500
2018-07-04,09:32:45.751,GBPPLN,59.71057,82800
2018-07-04,09:32:45.778,GBPPLN,55.89634,31200
2018-07-04,09:32:45.792,USDPLN,0.8403444,12100
2018-07-04,09:33:00.421,USDGBP,79.57912,62400
2018-07-04,09:33:00.539,USDEUR,6.635417,27600
2018-07-04,09:33:00.695,GBPPLN,10.42967,45100
2018-07-04,09:33:15.267,USDEUR,19.97457,47200
2018-07-04,09:33:15.705,GBPPLN,89.28352,24700
2018-07-04,09:33:30.137,USDPLN,9.095561,42200
2018-07-04,09:33:30.320,USDGBP,66.85509,17600
2018-07-04,09:33:30.346,EURPLN,6.877247,56100
2018-07-04,09:33:30.450,USDEUR,98.91739,45700
2018-07-04,09:33:30.676,USDPLN,24.97119,51900
2018-07-04,09:33:30.700,EURPLN,57.75026,30300
2018-07-04,09:33:30.730,USDEUR,63.74147,66300
2018-07-04,09:33:30.975,USDEUR,95.52119,25400
2018-07-04,09:33:45.141,EURPLN,43.85091,24200
2018-07-04,09:33:45.262,USDEUR,50.95707,32000
2018-07-04,09:33:45.353,GBPPLN,32.66493,98900
2018-07-04,09:33:45.908,USDEUR,68.64825,58800
2018-07-04,09:34:00.131,GBPPLN,33.31856,95200
2018-07-04,09:34:15.079,EURPLN,15.59601,57400
2018-07-04,09:34:15.127,USDEUR,71.20124,33600
2018-07-04,09:34:15.182,USDEUR,90.20537,14800
2018-07-04,09:34:15.329,GBPPLN,38.37695,17800
2018-07-04,09:34:15.388,USDEUR,77.76037,74400
2018-07-04,09:34:15.826,USDGBP,16.72648,69200
2018-07-04,09:34:15.866,EURPLN,81.70741,3600
2018-07-04,09:34:30.158,USDPLN,17.36155,10800
2018-07-04,09:34:30.389,USDPLN,45.32713,11500
2018-07-04,09:34:30.417,GBPPLN,49.18045,33800
2018-07-04,09:34:30.434,USDPLN,50.57848,37700
2018-07-04,09:34:30.598,GBPPLN,26.4001,63100
2018-07-04,09:34:30.611,EURPLN,95.79393,24500
2018-07-04,09:34:30.653,GBPPLN,74.69315,84700
2018-07-04,09:34:30.840,GBPPLN,49.52228,53000
2018-07-04,09:34:30.909,USDPLN,54.94318,87700
2018-07-04,09:35:00.138,USDPLN,87.54956,25300
2018-07-04,09:35:00.491,USDEUR,79.04528,65200
2018-07-04,09:35:00.981,EURPLN,10.01623,71300
2018-07-04,09:35:15.314,GBPPLN,98.00408,38700
2018-07-04,09:35:15.474,EURPLN,53.3263,74600
2018-07-04,09:35:15.533,USDPLN,39.88207,74800
2018-07-04,09:35:15.682,GBPPLN,3.822333,35500
2018-07-04,09:35:30.013,USDGBP,41.66873,98800
2018-07-04,09:35:30.303,USDGBP,35.83238,66100
2018-07-04,09:35:30.307,EURPLN,14.42378,15200
2018-07-04,09:35:30.320,EURPLN,87.99213,36000
2018-07-04,09:35:30.502,GBPPLN,15.87412,40900
2018-07-04,09:35:45.412,USDEUR,96.67638,27000
2018-07-04,09:35:45.501,GBPPLN,92.71649,20900
2018-07-04,09:36:00.354,GBPPLN,21.48558,38700
2018-07-04,09:36:00.721,USDEUR,37.89838,55400
2018-07-04,09:36:00.756,USDPLN,99.14568,82400
2018-07-04,09:36:15.026,GBPPLN,11.90491,3200
2018-07-04,09:36:15.750,EURPLN,46.53605,21200
2018-07-04,09:36:15.760,EURPLN,6.289664,31200
2018-07-04,09:36:15.986,GBPPLN,76.95307,1000
2018-07-04,09:36:30.033,USDPLN,69.30262,87400
2018-07-04,09:36:30.075,USDGBP,0.8522829,13200
2018-07-04,09:36:30.187,EURPLN,7.946473,16900
2018-07-04,09:36:30.204,USDGBP,61.22387,14200
2018-07-04,09:36:30.311,GBPPLN,67.69857,34000
2018-07-04,09:36:30.345,GBPPLN,73.93261,84600
2018-07-04,09:36:30.346,USDGBP,23.57372,54400
2018-07-04,09:36:30.581,GBPPLN,63.2145,36300
2018-07-04,09:36:30.934,EURPLN,65.11912,25100
2018-07-04,09:36:30.948,USDGBP,3.620439,94000
2018-07-04,09:36:45.127,USDPLN,97.27402,48900
2018-07-04,09:36:45.291,GBPPLN,15.01929,95400
2018-07-04,09:36:45.344,EURPLN,39.10945,70100
2018-07-04,09:36:45.349,USDEUR,52.41467,81000
2018-07-04,09:36:45.827,USDPLN,46.80896,60200
2018-07-04,09:37:00.419,USDEUR,90.1746,11600
2018-07-04,09:37:00.670,USDGBP,47.51643,70500
2018-07-04,09:37:00.814,GBPPLN,99.9407,20900
2018-07-04,09:37:00.988,GBPPLN,47.04542,65000
2018-07-04,09:37:15.196,EURPLN,75.56055,88000
2018-07-04,09:37:15.738,GBPPLN,4.843195,96800
2018-07-04,09:37:15.765,USDEUR,40.45873,29900
2018-07-04,09:37:30.375,GBPPLN,93.97194,48900
2018-07-04,09:37:30.379,USDPLN,28.8968,41800
2018-07-04,09:37:45.190,GBPPLN,28.80594,400
2018-07-04,09:37:45.251,EURPLN,81.12915,32800
2018-07-04,09:37:45.782,USDGBP,43.02919,91100
2018-07-04,09:38:00.232,USDEUR,92.3397,56000
2018-07-04,09:38:00.403,EURPLN,94.54214,10700
2018-07-04,09:38:00.853,USDPLN,6.837424,60700
2018-07-04,09:38:15.089,USDPLN,36.68056,89900
2018-07-04,09:38:15.141,USDEUR,65.89426,19600
2018-07-04,09:38:15.316,GBPPLN,2.819483,69400
2018-07-04,09:38:15.543,USDGBP,86.36998,33000
2018-07-04,09:38:15.608,USDGBP,92.85701,48500
2018-07-04,09:38:15.769,USDEUR,59.91904,72000
2018-07-04,09:38:15.780,GBPPLN,92.96888,90400
2018-07-04,09:38:30.676,USDPLN,1.760924,23400
2018-07-04,09:38:30.796,GBPPLN,96.42232,92000
2018-07-04,09:38:45.056,EURPLN,9.300334,29600
2018-07-04,09:38:45.085,GBPPLN,98.49303,34300
2018-07-04,09:38:45.398,USDPLN,70.9203,600
2018-07-04,09:38:45.667,USDGBP,33.09883,98100
2018-07-04,09:38:45.701,USDGBP,31.70804,85200
2018-07-04,09:38:45.968,USDEUR,12.86474,83600
2018-07-04,09:39:00.052,USDEUR,87.79199,40300
2018-07-04,09:39:00.383,USDEUR,7.672351,65700
2018-07-04,09:39:00.651,USDEUR,19.9078,20800
2018-07-04,09:39:00.933,USDEUR,10.4725,800
2018-07-04,09:39:15.206,USDGBP,82.90073,86100
2018-07-04,09:39:15.460,USDGBP,32.55745,31400
2018-07-04,09:39:15.580,USDGBP,50.72633,49800
2018-07-04,09:39:15.861,USDEUR,75.32704,22900
2018-07-04,09:39:15.913,GBPPLN,48.45961,44000
2018-07-04,09:39:30.020,USDPLN,97.22712,51500
2018-07-04,09:39:30.292,EURPLN,15.70327,58000
2018-07-04,09:39:30.611,GBPPLN,76.6037,43300
2018-07-04,09:39:30.672,EURPLN,62.21022,30200
2018-07-04,09:39:30.974,USDPLN,88.02551,81000
2018-07-04,09:39:45.284,EURPLN,80.98228,56200
2018-07-04,09:39:45.476,USDGBP,40.75506,35800
2018-07-04,09:39:45.578,EURPLN,88.81051,13100
2018-07-04,09:40:00.158,GBPPLN,77.14542,11900
2018-07-04,09:40:00.328,USDGBP,94.6925,19300
2018-07-04,09:40:00.584,EURPLN,70.79605,51800
2018-07-04,09:40:00.668,GBPPLN,38.55014,60100
2018-07-04,09:40:00.681,GBPPLN,90.24497,10000
2018-07-04,09:40:00.741,USDGBP,62.70772,53900
2018-07-04,09:40:15.019,USDPLN,46.56946,36800
2018-07-04,09:40:15.464,EURPLN,14.44994,36400
2018-07-04,09:40:15.602,USDPLN,28.43373,25800
2018-07-04,09:40:15.611,GBPPLN,98.08491,76600
2018-07-04,09:40:15.762,GBPPLN,75.27901,11200
2018-07-04,09:40:15.765,GBPPLN,59.01182,63200
2018-07-04,09:40:15.775,GBPPLN,17.10731,20500
2018-07-04,09:40:30.203,EURPLN,76.53462,53600
2018-07-04,09:40:30.360,USDEUR,35.39167,0
2018-07-04,09:40:30.889,EURPLN,88.50609,95700
2018-07-04,09:40:30.983,USDEUR,62.10987,59400
2018-07-04,09:40:45.272,GBPPLN,96.41637,16100
2018-07-04,09:40:45.703,USDGBP,39.26978,15200
2018-07-04,09:41:00.079,EURPLN,7.884685,88800
2018-07-04,09:41:00.362,USDGBP,42.87069,99800
2018-07-04,09:41:00.457,USDGBP,22.85853,34000
2018-07-04,09:41:00.744,USDGBP,37.56221,23000
2018-07-04,09:41:00.780,GBPPLN,14.62359,12200
2018-07-04,09:41:15.013,USDGBP,14.69303,29900
2018-07-04,09:41:15.014,GBPPLN,97.05537,19900
2018-07-04,09:41:15.265,GBPPLN,54.25443,86400
2018-07-04,09:41:15.402,EURPLN,84.8902,1100
2018-07-04,09:41:15.442,USDPLN,19.50975,64100
2018-07-04,09:41:15.524,GBPPLN,87.57322,40900
2018-07-04,09:41:15.702,GBPPLN,19.20037,50200
2018-07-04,09:41:30.253,USDGBP,11.74983,15400
2018-07-04,09:41:30.511,EURPLN,78.42429,30300
2018-07-04,09:41:30.582,USDPLN,40.5392,91700
2018-07-04,09:41:45.147,GBPPLN,81.90668,69700
2018-07-04,09:41:45.187,GBPPLN,6.864466,25500
2018-07-04,09:42:00.149,GBPPLN,13.02506,53500
2018-07-04,09:42:00.370,USDPLN,52.28517,4100
2018-07-04,09:42:00.513,GBPPLN,52.26536,14100
2018-07-04,09:42:00.917,EURPLN,54.50507,85600
2018-07-04,09:42:15.390,EURPLN,52.15942,7500
2018-07-04,09:42:15.436,USDPLN,48.00003,60000
2018-07-04,09:42:15.540,GBPPLN,0.251529,55800
2018-07-04,09:42:15.652,GBPPLN,44.60257,80000
2018-07-04,09:42:15.704,USDPLN,85.89063,4300
2018-07-04,09:42:30.431,USDEUR,9.443882,36600
2018-07-04,09:42:30.475,USDGBP,48.9313,60200
2018-07-04,09:42:30.659,EURPLN,40.76536,86900
2018-07-04,09:42:45.043,EURPLN,19.57859,51900
2018-07-04,09:42:45.105,USDGBP,15.52841,66700
2018-07-04,09:42:45.139,USDEUR,25.40907,88400
2018-07-04,09:42:45.211,USDEUR,24.85546,43300
2018-07-04,09:42:45.242,USDEUR,8.98361,4400
2018-07-04,09:43:00.349,USDEUR,59.65239,49600
2018-07-04,09:43:15.328,GBPPLN,94.73972,49400
2018-07-04,09:43:15.380,EURPLN,29.81404,40600
2018-07-04,09:43:15.626,USDEUR,53.73877,93100
2018-07-04,09:43:15.830,GBPPLN,25.6834,40200
2018-07-04,09:43:15.958,EURPLN,52.65858,3700
2018-07-04,09:43:15.965,USDGBP,90.76005,67100
2018-07-04,09:43:30.815,USDGBP,28.25896,44600
2018-07-04,09:43:30.840,USDGBP,21.82073,82600
2018-07-04,09:43:30.861,GBPPLN,59.60882,17700
2018-07-04,09:43:30.897,USDPLN,20.38227,96600
2018-07-04,09:43:45.078,EURPLN,92.88385,74200
2018-07-04,09:43:45.094,USDPLN,30.24118,72600
2018-07-04,09:43:45.306,USDPLN,1.174321,73500
2018-07-04,09:43:45.417,EURPLN,79.7972,27400
2018-07-04,09:43:45.573,USDEUR,5.189093,35500
2018-07-04,09:43:45.586,EURPLN,87.99475,55300
2018-07-04,09:43:45.728,GBPPLN,56.02526,94500
2018-07-04,09:43:45.921,USDPLN,98.07745,39000
2018-07-04,09:44:00.122,GBPPLN,12.27855,75800
2018-07-04,09:44:00.248,USDPLN,33.89212,3100
2018-07-04,09:44:00.621,USDEUR,81.80825,16300
2018-07-04,09:44:15.091,USDPLN,6.562302,43200
2018-07-04,09:44:15.455,USDGBP,75.7506,21200
2018-07-04,09:44:15.635,USDPLN,61.86624,31700
2018-07-04,09:44:15.800,USDEUR,57.77121,600
2018-07-04,09:44:15.879,USDGBP,71.15453,86300
2018-07-04,09:44:15.981,EURPLN,92.32291,69700
2018-07-04,09:44:15.984,USDGBP,39.40123,45500
2018-07-04,09:44:30.105,GBPPLN,73.15307,91700
2018-07-04,09:44:30.176,USDPLN,89.40517,96200
2018-07-04,09:44:30.375,USDPLN,82.62129,22400
2018-07-04,09:44:30.430,GBPPLN,36.06439,90400
2018-07-04,09:44:30.457,USDEUR,60.21771,87000
2018-07-04,09:44:45.127,GBPPLN,13.91378,53800
2018-07-04,09:44:45.502,USDPLN,17.12292,6200
2018-07-04,09:44:45.622,USDEUR,82.95644,41400
2018-07-04,09:44:45.635,EURPLN,57.26893,52600
2018-07-04,09:44:45.722,USDGBP,96.29505,53800
2018-07-04,09:44:45.960,USDEUR,76.24672,69500
2018-07-04,09:45:00.179,USDPLN,27.35904,92700
2018-07-04,09:45:00.323,USDGBP,20.59286,16600
2018-07-04,09:45:00.446,USDEUR,62.01669,40800
2018-07-04,09:45:00.499,USDGBP,61.43281,24400
2018-07-04,09:45:15.091,EURPLN,42.5586,68100
2018-07-04,09:45:15.183,EURPLN,39.55045,88800
2018-07-04,09:45:15.199,EURPLN,88.30904,46700
2018-07-04,09:45:15.459,USDPLN,41.34261,800
2018-07-04,09:45:15.493,USDPLN,95.68897,83700
2018-07-04,09:45:15.812,GBPPLN,12.20254,14000
2018-07-04,09:45:15.820,GBPPLN,10.43783,7700
2018-07-04,09:45:30.484,USDEUR,56.03358,58300
2018-07-04,09:45:45.257,GBPPLN,97.9826,92000
2018-07-04,09:45:45.755,GBPPLN,68.11057,73600
2018-07-04,09:45:45.798,USDEUR,34.62943,67600
2018-07-04,09:45:45.958,USDGBP,62.64362,25700
2018-07-04,09:46:00.212,USDGBP,54.6378,80100
2018-07-04,09:46:00.407,EURPLN,87.33036,79800
2018-07-04,09:46:00.571,USDPLN,86.50727,82100
2018-07-04,09:46:00.724,USDEUR,85.66645,56700
2018-07-04,09:46:00.736,USDGBP,1.388215,92100
2018-07-04,09:46:00.849,USDGBP,74.84731,79400
2018-07-04,09:46:00.944,USDGBP,79.86858,58600
2018-07-04,09:46:15.058,GBPPLN,83.63551,78400
2018-07-04,09:46:15.167,USDPLN,72.04173,3100
2018-07-04,09:46:15.531,USDGBP,26.69587,5000
2018-07-04,09:46:15.761,EURPLN,87.90066,54400
2018-07-04,09:46:30.005,USDEUR,74.18044,18800
2018-07-04,09:46:30.303,GBPPLN,25.15318,45400
2018-07-04,09:46:30.884,USDGBP,0.05159339,56100
2018-07-04,09:46:45.013,EURPLN,18.56164,24000
2018-07-04,09:46:45.024,USDGBP,12.7303,55500
2018-07-04,09:46:45.127,GBPPLN,28.63146,27500
2018-07-04,09:46:45.203,USDPLN,56.14702,57600
2018-07-04,09:46:45.704,GBPPLN,55.96499,66900
2018-07-04,09:46:45.815,EURPLN,62.45442,60700
2018-07-04,09:46:45.861,USDPLN,42.13031,94700
2018-07-04,09:47:00.470,USDEUR,10.57861,7200
2018-07-04,09:47:00.523,GBPPLN,87.20311,95100
2018-07-04,09:47:00.866,EURPLN,18.26097,56000
2018-07-04,09:47:15.006,USDEUR,61.61368,34400
2018-07-04,09:47:15.191,USDPLN,61.50837,6200
2018-07-04,09:47:15.235,GBPPLN,68.70102,20400
2018-07-04,09:47:15.866,USDPLN,88.89528,34100
2018-07-04,09:47:30.170,EURPLN,45.17178,200
2018-07-04,09:47:30.362,EURPLN,41.86428,68400
2018-07-04,09:47:30.451,USDGBP,29.26762,15100
2018-07-04,09:47:30.556,EURPLN,45.86584,6700
2018-07-04,09:47:30.798,USDPLN,73.74134,77400
2018-07-04,09:47:45.080,USDEUR,17.71231,69400
2018-07-04,09:47:45.184,USDGBP,19.59556,21100
2018-07-04,09:47:45.207,USDGBP,54.60479,26100
2018-07-04,09:47:45.580,USDPLN,35.7579,90200
2018-07-04,09:47:45.685,USDGBP,45.11364,79000
2018-07-04,09:47:45.693,USDGBP,21.70218,70800
2018-07-04,09:47:45.926,GBPPLN,34.12083,32700
2018-07-04,09:48:00.075,USDPLN,11.4079,47300
2018-07-04,09:48:00.588,USDEUR,96.46384,66200
2018-07-04,09:48:00.737,USDGBP,91.98443,38200
2018-07-04,09:48:15.361,GBPPLN,92.38467,97800
2018-07-04,09:48:15.365,USDEUR,50.8041,90300
2018-07-04,09:48:15.418,EURPLN,77.73434,49700
2018-07-04,09:48:30.245,USDPLN,11.77989,50100
2018-07-04,09:48:30.374,USDPLN,84.57581,33800
2018-07-04,09:48:30.378,USDPLN,94.44431,12500
2018-07-04,09:48:30.612,USDGBP,78.56061,84000
2018-07-04,09:48:30.818,USDEUR,19.88044,78800
2018-07-04,09:48:45.337,EURPLN,28.47764,47400
2018-07-04,09:48:45.368,USDEUR,98.32002,28900
2018-07-04,09:48:45.572,USDPLN,68.14254,92100
2018-07-04,09:48:45.727,GBPPLN,71.63356,99000
2018-07-04,09:48:45.789,USDPLN,20.83457,85400
2018-07-04,09:48:45.870,USDGBP,27.21481,79500
2018-07-04,09:48:45.907,USDGBP,99.89473,47300
2018-07-04,09:48:45.909,EURPLN,32.20918,69500
2018-07-04,09:49:00.127,USDPLN,68.28795,40300
2018-07-04,09:49:00.146,GBPPLN,82.72437,48700
2018-07-04,09:49:00.170,USDGBP,39.13181,89800
2018-07-04,09:49:00.475,USDEUR,5.850299,92200
2018-07-04,09:49:00.496,USDGBP,95.10016,59500
2018-07-04,09:49:00.664,USDPLN,68.96596,79300
2018-07-04,09:49:00.864,USDGBP,36.66569,75800
2018-07-04,09:49:00.882,GBPPLN,5.04785,98600
2018-07-04,09:49:00.939,USDGBP,16.16579,36200
2018-07-04,09:49:00.971,USDEUR,15.53855,77300
2018-07-04,09:49:15.061,EURPLN,43.3073,97000
2018-07-04,09:49:15.318,GBPPLN,36.57479,26700
2018-07-04,09:49:15.459,USDGBP,1.41358,93500
2018-07-04,09:49:15.570,USDGBP,35.20874,20200
2018-07-04,09:49:15.798,EURPLN,26.44549,3500
2018-07-04,09:49:30.095,GBPPLN,27.4158,24900
2018-07-04,09:49:30.103,GBPPLN,47.66953,98600
2018-07-04,09:49:30.637,USDPLN,39.58415,21300
2018-07-04,09:49:30.661,GBPPLN,53.03342,55900
2018-07-04,09:49:30.941,USDPLN,26.47482,49000
2018-07-04,09:49:30.982,GBPPLN,59.31659,17500
2018-07-04,09:49:45.025,USDGBP,11.75778,94600
2018-07-04,09:49:45.118,USDGBP,34.78201,20000
2018-07-04,09:49:45.219,USDGBP,8.797169,19200
2018-07-04,09:49:45.643,USDEUR,52.58778,33500
2018-07-04,09:50:00.006,USDEUR,54.54042,32600
2018-07-04,09:50:00.189,USDEUR,66.35754,61600
2018-07-04,09:50:00.393,USDPLN,78.68374,25900
2018-07-04,09:50:00.686,EURPLN,8.425847,14000
2018-07-04,09:50:00.823,USDPLN,74.66125,99200
2018-07-04,09:50:00.885,USDGBP,32.2573,81300
2018-07-04,09:50:00.886,USDPLN,78.66761,45700
2018-07-04,09:50:00.917,USDPLN,41.5798,9700
2018-07-04,09:50:15.127,EURPLN,14.46503,74400
2018-07-04,09:50:15.128,EURPLN,84.48629,24700
2018-07-04,09:50:15.183,EURPLN,46.12294,33000
2018-07-04,09:50:15.275,GBPPLN,83.2997,84300
2018-07-04,09:50:15.317,EURPLN,14.24403,24500
2018-07-04,09:50:15.452,USDEUR,39.49971,79800
2018-07-04,09:50:15.665,EURPLN,82.97949,27400
2018-07-04,09:50:15.762,USDEUR,98.98777,70900
2018-07-04,09:50:15.919,EURPLN,24.76101,7900
2018-07-04,09:50:15.964,GBPPLN,54.16366,56200
2018-07-04,09:50:30.013,GBPPLN,28.85735,38900
2018-07-04,09:50:30.094,USDGBP,8.044068,68900
2018-07-04,09:50:30.100,GBPPLN,43.62164,18600
2018-07-04,09:50:30.138,USDGBP,95.8894,94300
2018-07-04,09:50:30.623,GBPPLN,48.82542,18500
2018-07-04,09:50:30.742,GBPPLN,56.7986,7800
2018-07-04,09:50:30.744,USDEUR,49.86609,76900
2018-07-04,09:50:30.753,GBPPLN,1.74649,70500
2018-07-04,09:50:30.988,USDEUR,70.23209,87100
2018-07-04,09:50:45.219,EURPLN,79.83438,77500
2018-07-04,09:50:45.250,USDPLN,13.7158,65200
2018-07-04,09:50:45.365,USDEUR,48.91007,45900
2018-07-04,09:50:45.377,USDPLN,51.17326,32100
2018-07-04,09:50:45.633,GBPPLN,8.655763,83300
2018-07-04,09:50:45.718,USDPLN,93.87174,22500
2018-07-04,09:50:45.789,GBPPLN,65.67706,98500
2018-07-04,09:50:45.800,USDGBP,7.82091,50900
2018-07-04,09:50:45.906,GBPPLN,39.40162,17700
2018-07-04,09:51:00.114,USDEUR,8.373245,99600
2018-07-04,09:51:00.157,USDEUR,90.45919,90500
2018-07-04,09:51:00.219,USDPLN,54.61478,2800
2018-07-04,09:51:00.760,USDEUR,41.98094,65800
2018-07-04,09:51:15.113,GBPPLN,18.40317,31900
2018-07-04,09:51:15.197,USDPLN,16.04229,47700
2018-07-04,09:51:15.868,USDGBP,60.74432,74500
2018-07-04,09:51:30.040,USDPLN,51.87819,63900
2018-07-04,09:51:30.055,EURPLN,13.8149,12200
2018-07-04,09:51:30.185,USDGBP,89.70364,49800
2018-07-04,09:51:30.317,USDPLN,41.058,4500
2018-07-04,09:51:30.326,USDEUR,87.59235,97600
2018-07-04,09:51:30.356,USDEUR,97.57521,23200
2018-07-04,09:51:30.502,USDEUR,89.34851,45200
2018-07-04,09:51:30.711,GBPPLN,42.24682,34100
2018-07-04,09:51:45.270,GBPPLN,98.67937,97000
2018-07-04,09:51:45.300,USDGBP,92.12899,40900
2018-07-04,09:51:45.663,GBPPLN,89.44534,95600
2018-07-04,09:51:45.690,GBPPLN,62.42485,58800
2018-07-04,09:51:45.743,USDPLN,34.53943,58900
2018-07-04,09:51:45.745,USDPLN,24.32373,20300
2018-07-04,09:51:45.861,EURPLN,35.99266,7500
2018-07-04,09:51:45.942,USDGBP,2.679804,78800
2018-07-04,09:52:00.022,USDEUR,67.88039,64800
2018-07-04,09:52:00.037,USDPLN,39.53923,60900
2018-07-04,09:52:00.301,USDPLN,96.24102,54800
2018-07-04,09:52:00.319,USDGBP,12.20631,61700
2018-07-04,09:52:00.722,USDGBP,40.31514,96600
2018-07-04,09:52:00.932,USDPLN,13.32304,14300
2018-07-04,09:52:15.076,GBPPLN,82.91142,88000
2018-07-04,09:52:15.325,USDPLN,23.23458,25700
2018-07-04,09:52:15.411,USDEUR,69.02151,90300
2018-07-04,09:52:15.584,USDPLN,7.147526,6300
2018-07-04,09:52:15.607,EURPLN,75.45018,75600
2018-07-04,09:52:15.649,USDEUR,27.80298,18100
2018-07-04,09:52:15.778,USDEUR,4.951554,75100
2018-07-04,09:52:30.064,USDPLN,43.03373,72600
2018-07-04,09:52:30.135,EURPLN,79.85478,8200
2018-07-04,09:52:30.462,USDGBP,57.07789,35900
2018-07-04,09:52:30.481,USDGBP,84.08853,87900
2018-07-04,09:52:30.675,USDEUR,30.18732,95200
2018-07-04,09:52:30.773,USDGBP,65.68736,22400
2018-07-04,09:52:30.947,USDPLN,2.271227,52400
2018-07-04,09:52:45.019,USDEUR,96.63234,700
2018-07-04,09:52:45.108,EURPLN,5.390931,50100
2018-07-04,09:52:45.431,USDEUR,31.80358,19000
2018-07-04,09:52:45.682,USDPLN,73.24748,12800
2018-07-04,09:52:45.928,USDEUR,28.09789,12200
2018-07-04,09:52:45.958,USDEUR,64.70531,3400
2018-07-04,09:53:00.507,GBPPLN,84.5255,98000
2018-07-04,09:53:00.916,USDEUR,32.70868,71500
2018-07-04,09:53:15.276,USDPLN,3.691535,31600
2018-07-04,09:53:15.306,USDEUR,17.68476,42100
2018-07-04,09:53:30.113,USDGBP,9.538498,40600
2018-07-04,09:53:30.239,EURPLN,51.89906,75600
2018-07-04,09:53:30.392,USDEUR,10.55634,2400
2018-07-04,09:53:30.887,USDPLN,54.33885,54100
2018-07-04,09:53:45.017,USDPLN,31.59007,70800
2018-07-04,09:53:45.025,USDPLN,15.91341,75500
2018-07-04,09:53:45.057,USDEUR,94.57609,95500
2018-07-04,09:53:45.283,GBPPLN,91.67765,26900
2018-07-04,09:53:45.456,USDGBP,80.75043,82800
2018-07-04,09:54:00.092,EURPLN,32.63129,67800
2018-07-04,09:54:00.936,USDEUR,57.70848,40400
2018-07-04,09:54:15.044,EURPLN,52.64841,500
2018-07-04,09:54:15.571,USDPLN,89.04852,19500
2018-07-04,09:54:15.701,USDGBP,53.49453,55600
2018-07-04,09:54:15.979,EURPLN,45.16384,5500
2018-07-04,09:54:30.036,EURPLN,83.03257,82800
2018-07-04,09:54:30.042,USDGBP,15.63426,39800
2018-07-04,09:54:30.192,USDGBP,41.1388,82600
2018-07-04,09:54:30.192,USDGBP,23.0288,24100
2018-07-04,09:54:30.221,USDPLN,73.37981,33700
2018-07-04,09:54:30.411,USDEUR,1.880252,51200
2018-07-04,09:54:30.483,EURPLN,32.08207,40700
2018-07-04,09:54:30.748,USDGBP,10.74133,91500
2018-07-04,09:54:30.885,EURPLN,26.8411,66200
2018-07-04,09:54:45.153,USDPLN,14.09568,42800
2018-07-04,09:54:45.473,EURPLN,74.93047,8500
2018-07-04,09:54:45.537,USDGBP,51.4646,6000
2018-07-04,09:54:45.798,USDPLN,81.5932,5500
2018-07-04,09:54:45.932,USDPLN,45.53154,200
2018-07-05,09:30:00.139,USDGBP,70.06104,66400
2018-07-05,09:30:00.383,GBPPLN,76.89276,72300
2018-07-05,09:30:00.451,USDGBP,4.36095,35200
2018-07-05,09:30:00.639,EURPLN,69.08923,4300
2018-07-05,09:30:00.678,USDPLN,23.75784,68100
2018-07-05,09:30:00.835,USDEUR,2.235687,33500
2018-07-05,09:30:15.649,GBPPLN,85.43056,97300
2018-07-05,09:30:15.990,USDGBP,26.52357,47000
2018-07-05,09:30:30.037,USDEUR,12.64034,33300
2018-07-05,09:30:30.223,USDPLN,38.38074,27800
2018-07-05,09:30:30.341,GBPPLN,88.69683,46700
2018-07-05,09:30:30.666,USDPLN,98.97547,81900
2018-07-05,09:30:30.933,USDGBP,86.74042,81100
2018-07-05,09:30:45.234,EURPLN,36.66174,11400
2018-07-05,09:30:45.476,USDEUR,38.6921,0
2018-07-05,09:30:45.775,EURPLN,26.51964,6700
2018-07-05,09:30:45.781,USDPLN,25.80192,16700
2018-07-05,09:31:00.119,EURPLN,18.4899,97200
2018-07-05,09:31:00.218,USDGBP,1.935429,24100
2018-07-05,09:31:00.653,EURPLN,45.84998,63700
2018-07-05,09:31:00.931,USDEUR,39.89032,49800
2018-07-05,09:31:15.132,USDPLN,58.9551,76000
2018-07-05,09:31:15.579,USDEUR,66.77032,33200
2018-07-05,09:31:15.665,GBPPLN,75.83069,82900
2018-07-05,09:31:30.010,USDGBP,12.96428,66100
2018-07-05,09:31:30.088,USDPLN,72.77843,36500
2018-07-05,09:31:30.199,EURPLN,11.18628,64900
2018-07-05,09:31:30.252,EURPLN,53.42997,87000
2018-07-05,09:31:30.439,USDGBP,7.205184,87000
2018-07-05,09:31:30.838,USDEUR,51.11712,39800
2018-07-05,09:31:30.940,USDPLN,9.556207,34900
2018-07-05,09:31:45.115,USDGBP,78.11549,73100
2018-07-05,09:31:45.163,USDPLN,99.58697,2800
2018-07-05,09:31:45.313,USDPLN,12.83056,96000
2018-07-05,09:31:45.350,EURPLN,88.42753,52500
2018-07-05,09:31:45.482,USDPLN,23.05883,7900
2018-07-05,09:32:00.193,USDPLN,14.53413,58800
2018-07-05,09:32:00.410,USDEUR,89.63589,38800
2018-07-05,09:32:00.548,USDPLN,76.51124,73300
2018-07-05,09:32:00.563,USDPLN,12.91577,400
2018-07-05,09:32:00.870,EURPLN,30.89673,19500
2018-07-05,09:32:15.139,USDPLN,92.76539,66600
2018-07-05,09:32:15.255,USDPLN,24.52183,55900
2018-07-05,09:32:15.447,USDEUR,54.09092,49900
2018-07-05,09:32:15.493,EURPLN,39.77885,16500
2018-07-05,09:32:15.604,USDPLN,24.67554,46700
2018-07-05,09:32:15.619,USDEUR,72.85725,43800
2018-07-05,09:32:15.808,USDGBP,75.68053,60100
2018-07-05,09:32:15.889,USDPLN,56.01584,34700
2018-07-05,09:32:30.035,USDGBP,64.13452,28900
2018-07-05,09:32:30.133,USDGBP,85.99539,51900
2018-07-05,09:32:30.156,GBPPLN,53.42381,5700
2018-07-05,09:32:30.208,USDEUR,16.97691,55200
2018-07-05,09:32:30.825,USDGBP,34.97068,17300
2018-07-05,09:32:30.859,EURPLN,3.730337,75500
2018-07-05,09:32:45.139,USDEUR,31.96229,50200
2018-07-05,09:32:45.225,USDPLN,66.98891,37600
2018-07-05,09:32:45.290,USDGBP,77.50032,10900
2018-07-05,09:32:45.715,EURPLN,28.86565,84900
2018-07-05,09:32:45.875,GBPPLN,40.52575,85500
2018-07-05,09:33:00.033,USDPLN,62.11906,51300
2018-07-05,09:33:00.234,USDGBP,61.86426,85800
2018-07-05,09:33:00.289,GBPPLN,47.83646,24000
2018-07-05,09:33:00.556,USDEUR,69.09852,77700
2018-07-05,09:33:00.585,USDEUR,98.68987,62800
2018-07-05,09:33:00.917,USDPLN,34.55819,82000
2018-07-05,09:33:00.948,USDEUR,52.2392,24500
2018-07-05,09:33:15.023,USDGBP,51.64674,46500
2018-07-05,09:33:15.103,USDEUR,34.98957,93100
2018-07-05,09:33:15.211,USDPLN,26.64924,65300
2018-07-05,09:33:15.236,EURPLN,15.50206,22800
2018-07-05,09:33:15.509,EURPLN,64.38671,75600
2018-07-05,09:33:15.775,USDEUR,50.82029,28200
2018-07-05,09:33:15.809,GBPPLN,88.16961,68100
2018-07-05,09:33:15.882,USDGBP,24.51428,78200
2018-07-05,09:33:15.915,USDGBP,7.892936,21800
2018-07-05,09:33:30.040,USDPLN,25.18632,29700
2018-07-05,09:33:30.149,EURPLN,80.51656,68800
2018-07-05,09:33:30.193,USDPLN,99.04945,23500
2018-07-05,09:33:30.759,EURPLN,54.06126,56100
2018-07-05,09:33:30.770,USDEUR,37.4679,70700
2018-07-05,09:33:45.096,USDPLN,69.65914,80500
2018-07-05,09:33:45.165,USDPLN,87.51736,87300
2018-07-05,09:33:45.234,USDGBP,92.75448,28700
2018-07-05,09:33:45.840,USDGBP,73.58553,19900
2018-07-05,09:33:45.999,USDEUR,36.259,93500
2018-07-05,09:34:00.210,USDEUR,53.81298,87800
2018-07-05,09:34:00.339,USDEUR,9.199636,92500
2018-07-05,09:34:00.363,USDGBP,71.22227,27800
2018-07-05,09:34:00.395,USDEUR,14.94369,35900
2018-07-05,09:34:00.547,USDGBP,67.69537,45700
2018-07-05,09:34:00.899,GBPPLN,33.47094,41800
2018-07-05,09:34:15.129,USDPLN,37.9397,30800
2018-07-05,09:34:15.236,GBPPLN,41.83128,81800
2018-07-05,09:34:15.293,USDGBP,77.1692,34400
2018-07-05,09:34:15.311,EURPLN,83.60693,87500
2018-07-05,09:34:15.582,USDEUR,64.55251,82400
2018-07-05,09:34:15.785,EURPLN,23.36084,89700
2018-07-05,09:34:30.585,USDEUR,38.66813,69500
2018-07-05,09:34:30.786,USDEUR,0.2843238,14700
2018-07-05,09:34:30.814,GBPPLN,30.10758,72100
2018-07-05,09:34:30.866,GBPPLN,48.4915,73500
2018-07-05,09:34:45.023,GBPPLN,37.9318,38400
2018-07-05,09:34:45.601,USDGBP,52.50615,41000
2018-07-05,09:34:45.687,EURPLN,24.51728,24900
2018-07-05,09:34:45.690,GBPPLN,81.54363,8300
2018-07-05,09:34:45.778,USDGBP,48.14074,66500
2018-07-05,09:34:45.818,GBPPLN,31.82978,13300
2018-07-05,09:34:45.844,USDPLN,84.61756,4300
2018-07-05,09:34:45.881,USDGBP,38.90698,33000
2018-07-05,09:34:45.949,USDPLN,34.93993,38700
2018-07-05,09:35:00.298,GBPPLN,49.34267,72500
2018-07-05,09:35:00.454,EURPLN,42.54699,16200
2018-07-05,09:35:00.798,EURPLN,98.82787,89400
2018-07-05,09:35:00.997,EURPLN,93.54958,89200
2018-07-05,09:35:15.401,EURPLN,94.91122,81500
2018-07-05,09:35:15.661,GBPPLN,70.70993,200
2018-07-05,09:35:15.687,GBPPLN,47.47222,59500
2018-07-05,09:35:15.867,USDEUR,10.07758,38900
2018-07-05,09:35:15.963,USDPLN,16.94767,31600
2018-07-05,09:35:30.040,USDPLN,48.61722,78000
2018-07-05,09:35:30.141,USDEUR,72.10056,60700
2018-07-05,09:35:30.389,EURPLN,4.532403,40100
2018-07-05,09:35:30.497,USDPLN,16.73861,54400
2018-07-05,09:35:30.644,USDGBP,13.24596,99800
2018-07-05,09:35:30.829,GBPPLN,16.85195,67900
2018-07-05,09:35:45.037,USDPLN,33.13174,84900
2018-07-05,09:35:45.112,EURPLN,0.3732609,8400
2018-07-05,09:35:45.712,USDEUR,45.05062,73800
2018-07-05,09:35:45.729,USDGBP,2.886836,52900
2018-07-05,09:35:45.806,GBPPLN,44.15061,22700
2018-07-05,09:35:45.919,USDEUR,9.194235,59400
2018-07-05,09:36:00.071,USDGBP,61.84254,63900
2018-07-05,09:36:00.281,GBPPLN,74.51685,66200
2018-07-05,09:36:00.791,EURPLN,88.65388,57100
2018-07-05,09:36:00.913,USDEUR,37.14275,22200
2018-07-05,09:36:15.002,EURPLN,79.06761,70700
2018-07-05,09:36:15.239,USDPLN,33.33912,69000
2018-07-05,09:36:15.966,USDGBP,0.3518268,96700
2018-07-05,09:36:30.356,USDGBP,66.37355,59700
2018-07-05,09:36:45.030,GBPPLN,25.65051,78300
2018-07-05,09:36:45.079,USDGBP,77.06876,13900
2018-07-05,09:36:45.180,USDGBP,57.88217,67100
2018-07-05,09:36:45.350,USDPLN,14.47028,41500
2018-07-05,09:36:45.693,EURPLN,16.81195,81500
2018-07-05,09:36:45.705,USDGBP,94.97576,75300
2018-07-05,09:36:45.768,USDGBP,94.48549,90700
2018-07-05,09:37:00.521,EURPLN,50.49245,32600
2018-07-05,09:37:00.546,USDPLN,15.20182,82700
2018-07-05,09:37:00.573,USDPLN,37.15267,59400
2018-07-05,09:37:00.692,GBPPLN,97.45915,56700
2018-07-05,09:37:00.830,USDGBP,74.83867,75900
2018-07-05,09:37:15.168,USDPLN,41.57615,23500
2018-07-05,09:37:15.273,USDGBP,39.27983,44800
2018-07-05,09:37:15.285,USDGBP,95.9879,16100
2018-07-05,09:37:15.348,GBPPLN,72.4929,44200
2018-07-05,09:37:15.603,USDPLN,73.20361,28600
2018-07-05,09:37:15.958,USDEUR,90.37424,57900
2018-07-05,09:37:15.986,USDGBP,26.88311,64400
2018-07-05,09:37:30.034,USDEUR,62.67172,1800
2018-07-05,09:37:30.249,GBPPLN,2.314197,71000
2018-07-05,09:37:30.286,USDEUR,20.4989,63500
2018-07-05,09:37:30.326,USDEUR,84.8468,19500
2018-07-05,09:37:30.757,EURPLN,88.72658,13700
2018-07-05,09:37:30.937,GBPPLN,24.81707,48200
2018-07-05,09:37:45.189,USDEUR,43.62848,26900
2018-07-05,09:37:45.569,EURPLN,64.99921,15500
2018-07-05,09:37:45.664,GBPPLN,91.26541,29000
2018-07-05,09:37:45.840,USDEUR,65.31449,68600
2018-07-05,09:37:45.912,GBPPLN,21.33776,88300
2018-07-05,09:37:45.937,USDPLN,33.51964,14700
2018-07-05,09:37:45.970,GBPPLN,22.67148,20200
2018-07-05,09:37:45.987,USDEUR,85.3028,92700
2018-07-05,09:38:00.267,EURPLN,93.82655,33500
2018-07-05,09:38:00.388,GBPPLN,19.42216,24900
2018-07-05,09:38:00.584,USDGBP,43.83387,76200
2018-07-05,09:38:00.699,USDGBP,76.96467,13200
2018-07-05,09:38:00.784,EURPLN,22.0022,93700
2018-07-05,09:38:15.131,GBPPLN,53.82343,87700
2018-07-05,09:38:15.324,USDGBP,41.19167,57400
2018-07-05,09:38:15.783,USDPLN,51.10902,6800
2018-07-05,09:38:30.614,GBPPLN,19.62274,35600
2018-07-05,09:38:30.677,USDEUR,95.93013,62200
2018-07-05,09:38:30.729,USDPLN,7.145275,49600
2018-07-05,09:38:30.832,GBPPLN,60.51419,23300
2018-07-05,09:38:30.905,USDPLN,5.952,42500
2018-07-05,09:38:30.967,USDGBP,50.53096,46700
2018-07-05,09:38:45.040,EURPLN,27.1942,57300
2018-07-05,09:38:45.499,USDGBP,61.52285,12700
2018-07-05,09:38:45.726,USDPLN,40.17921,37700
2018-07-05,09:38:45.745,USDGBP,7.814217,79300
2018-07-05,09:38:45.772,USDEUR,75.79839,17400
2018-07-05,09:39:00.198,USDPLN,85.63723,61700
2018-07-05,09:39:00.276,USDGBP,42.31092,23700
2018-07-05,09:39:00.499,EURPLN,96.01474,47900
2018-07-05,09:39:00.818,USDGBP,85.92046,61400
2018-07-05,09:39:00.972,EURPLN,90.68537,45100
2018-07-05,09:39:15.059,USDPLN,64.03602,66200
2018-07-05,09:39:15.148,EURPLN,3.953562,55800
2018-07-05,09:39:15.225,USDPLN,59.9109,400
2018-07-05,09:39:15.285,GBPPLN,88.80596,98500
2018-07-05,09:39:15.462,GBPPLN,70.26949,17900
2018-07-05,09:39:15.794,USDEUR,82.51076,18400
2018-07-05,09:39:15.922,USDPLN,86.08092,60800
2018-07-05,09:39:30.055,EURPLN,45.87691,13800
2018-07-05,09:39:30.268,USDPLN,50.3889,6700
2018-07-05,09:39:30.291,EURPLN,84.71776,90900
2018-07-05,09:39:30.506,USDEUR,64.29388,71400
2018-07-05,09:39:30.779,USDPLN,75.49547,21800
2018-07-05,09:39:30.797,USDGBP,7.046012,42600
2018-07-05,09:39:30.854,USDGBP,52.41927,99400
2018-07-05,09:39:30.872,EURPLN,87.59654,98300
2018-07-05,09:39:30.949,EURPLN,3.925085,89600
